%YAML 1.1
%TAG !u! tag:unity3d.com,2011:
--- !u!1 &6414643066684178355
GameObject:
  m_ObjectHideFlags: 0
  m_CorrespondingSourceObject: {fileID: 0}
  m_PrefabInstance: {fileID: 0}
  m_PrefabAsset: {fileID: 0}
  serializedVersion: 6
  m_Component:
  - component: {fileID: 6414643066684178351}
  - component: {fileID: 6414643066684178350}
  - component: {fileID: 6414643066684178349}
  - component: {fileID: 1184055765244934046}
  - component: {fileID: 5878628937132575964}
  - component: {fileID: 6414643066684178344}
  m_Layer: 0
  m_Name: JumpShockWave
  m_TagString: JumpShockWave
  m_Icon: {fileID: 0}
  m_NavMeshLayer: 0
  m_StaticEditorFlags: 0
  m_IsActive: 1
--- !u!4 &6414643066684178351
Transform:
  m_ObjectHideFlags: 0
  m_CorrespondingSourceObject: {fileID: 0}
  m_PrefabInstance: {fileID: 0}
  m_PrefabAsset: {fileID: 0}
  m_GameObject: {fileID: 6414643066684178355}
  m_LocalRotation: {x: 0.7071062, y: -0, z: -0, w: 0.7071075}
  m_LocalPosition: {x: -401.32, y: 1389.55, z: 823.72}
  m_LocalScale: {x: 5, y: 5, z: 5}
  m_Children:
  - {fileID: 6419021425155893136}
  m_Father: {fileID: 0}
  m_RootOrder: 0
  m_LocalEulerAnglesHint: {x: 90.00001, y: 0, z: 0}
--- !u!33 &6414643066684178350
MeshFilter:
  m_ObjectHideFlags: 0
  m_CorrespondingSourceObject: {fileID: 0}
  m_PrefabInstance: {fileID: 0}
  m_PrefabAsset: {fileID: 0}
  m_GameObject: {fileID: 6414643066684178355}
  m_Mesh: {fileID: 10206, guid: 0000000000000000e000000000000000, type: 0}
--- !u!23 &6414643066684178349
MeshRenderer:
  m_ObjectHideFlags: 0
  m_CorrespondingSourceObject: {fileID: 0}
  m_PrefabInstance: {fileID: 0}
  m_PrefabAsset: {fileID: 0}
  m_GameObject: {fileID: 6414643066684178355}
  m_Enabled: 0
  m_CastShadows: 1
  m_ReceiveShadows: 1
  m_DynamicOccludee: 1
  m_MotionVectors: 1
  m_LightProbeUsage: 1
  m_ReflectionProbeUsage: 1
  m_RenderingLayerMask: 1
  m_RendererPriority: 0
  m_Materials:
  - {fileID: 10303, guid: 0000000000000000f000000000000000, type: 0}
  m_StaticBatchInfo:
    firstSubMesh: 0
    subMeshCount: 0
  m_StaticBatchRoot: {fileID: 0}
  m_ProbeAnchor: {fileID: 0}
  m_LightProbeVolumeOverride: {fileID: 0}
  m_ScaleInLightmap: 1
  m_PreserveUVs: 0
  m_IgnoreNormalsForChartDetection: 0
  m_ImportantGI: 0
  m_StitchLightmapSeams: 0
  m_SelectedEditorRenderState: 3
  m_MinimumChartSize: 4
  m_AutoUVMaxDistance: 0.5
  m_AutoUVMaxAngle: 89
  m_LightmapParameters: {fileID: 0}
  m_SortingLayerID: 0
  m_SortingLayer: 0
  m_SortingOrder: 0
--- !u!64 &1184055765244934046
MeshCollider:
  m_ObjectHideFlags: 0
  m_CorrespondingSourceObject: {fileID: 0}
  m_PrefabInstance: {fileID: 0}
  m_PrefabAsset: {fileID: 0}
  m_GameObject: {fileID: 6414643066684178355}
  m_Material: {fileID: 0}
  m_IsTrigger: 1
  m_Enabled: 0
  serializedVersion: 3
  m_Convex: 1
  m_CookingOptions: 14
  m_Mesh: {fileID: 4300000, guid: e928e1f27ace7644baa1e61aa1e9342e, type: 3}
--- !u!135 &5878628937132575964
SphereCollider:
  m_ObjectHideFlags: 0
  m_CorrespondingSourceObject: {fileID: 0}
  m_PrefabInstance: {fileID: 0}
  m_PrefabAsset: {fileID: 0}
  m_GameObject: {fileID: 6414643066684178355}
  m_Material: {fileID: 0}
  m_IsTrigger: 1
  m_Enabled: 1
  serializedVersion: 2
  m_Radius: 0.5
  m_Center: {x: 0.000000059604645, y: 0, z: -0.00000008940699}
--- !u!114 &6414643066684178344
MonoBehaviour:
  m_ObjectHideFlags: 0
  m_CorrespondingSourceObject: {fileID: 0}
  m_PrefabInstance: {fileID: 0}
  m_PrefabAsset: {fileID: 0}
  m_GameObject: {fileID: 6414643066684178355}
  m_Enabled: 1
  m_EditorHideFlags: 0
  m_Script: {fileID: 11500000, guid: 4530f97d4fa033344a42e4d9901a45d2, type: 3}
  m_Name: 
  m_EditorClassIdentifier: 
  LBJumpShockWavePool: {fileID: 0}
  f_stretchSpeed: 20
  effectLifeTime: 1.2
  _timer: 0
--- !u!1001 &6414643068075210418
PrefabInstance:
  m_ObjectHideFlags: 0
  serializedVersion: 2
  m_Modification:
    m_TransformParent: {fileID: 6414643066684178351}
    m_Modifications:
    - target: {fileID: 1714681308540598, guid: ead9dc8e31684ea45a544826bd74be53, type: 3}
      propertyPath: m_Name
      value: ShockWave
      objectReference: {fileID: 0}
    - target: {fileID: 4945707815571746, guid: ead9dc8e31684ea45a544826bd74be53, type: 3}
      propertyPath: m_LocalPosition.x
      value: 0
      objectReference: {fileID: 0}
    - target: {fileID: 4945707815571746, guid: ead9dc8e31684ea45a544826bd74be53, type: 3}
      propertyPath: m_LocalPosition.y
      value: 0
      objectReference: {fileID: 0}
    - target: {fileID: 4945707815571746, guid: ead9dc8e31684ea45a544826bd74be53, type: 3}
      propertyPath: m_LocalPosition.z
      value: 0
      objectReference: {fileID: 0}
    - target: {fileID: 4945707815571746, guid: ead9dc8e31684ea45a544826bd74be53, type: 3}
      propertyPath: m_LocalRotation.x
      value: -0
      objectReference: {fileID: 0}
    - target: {fileID: 4945707815571746, guid: ead9dc8e31684ea45a544826bd74be53, type: 3}
      propertyPath: m_LocalRotation.y
      value: -0
      objectReference: {fileID: 0}
    - target: {fileID: 4945707815571746, guid: ead9dc8e31684ea45a544826bd74be53, type: 3}
      propertyPath: m_LocalRotation.z
      value: -0
      objectReference: {fileID: 0}
    - target: {fileID: 4945707815571746, guid: ead9dc8e31684ea45a544826bd74be53, type: 3}
      propertyPath: m_LocalRotation.w
      value: 1
      objectReference: {fileID: 0}
    - target: {fileID: 4945707815571746, guid: ead9dc8e31684ea45a544826bd74be53, type: 3}
      propertyPath: m_RootOrder
      value: 0
      objectReference: {fileID: 0}
    - target: {fileID: 4945707815571746, guid: ead9dc8e31684ea45a544826bd74be53, type: 3}
      propertyPath: m_LocalEulerAnglesHint.x
      value: 0
      objectReference: {fileID: 0}
    - target: {fileID: 4945707815571746, guid: ead9dc8e31684ea45a544826bd74be53, type: 3}
      propertyPath: m_LocalEulerAnglesHint.y
      value: 0
      objectReference: {fileID: 0}
    - target: {fileID: 4945707815571746, guid: ead9dc8e31684ea45a544826bd74be53, type: 3}
      propertyPath: m_LocalEulerAnglesHint.z
      value: 0
      objectReference: {fileID: 0}
    - target: {fileID: 4945707815571746, guid: ead9dc8e31684ea45a544826bd74be53, type: 3}
      propertyPath: m_LocalScale.x
      value: 0.2
      objectReference: {fileID: 0}
    - target: {fileID: 4945707815571746, guid: ead9dc8e31684ea45a544826bd74be53, type: 3}
      propertyPath: m_LocalScale.y
      value: 10
      objectReference: {fileID: 0}
    - target: {fileID: 4945707815571746, guid: ead9dc8e31684ea45a544826bd74be53, type: 3}
      propertyPath: m_LocalScale.z
      value: 0.2
      objectReference: {fileID: 0}
    - target: {fileID: 4657191099863204, guid: ead9dc8e31684ea45a544826bd74be53, type: 3}
      propertyPath: m_LocalPosition.x
      value: 0
      objectReference: {fileID: 0}
    - target: {fileID: 4657191099863204, guid: ead9dc8e31684ea45a544826bd74be53, type: 3}
      propertyPath: m_LocalPosition.z
      value: 0
      objectReference: {fileID: 0}
    - target: {fileID: 198798914852134490, guid: ead9dc8e31684ea45a544826bd74be53,
        type: 3}
      propertyPath: looping
      value: 0
      objectReference: {fileID: 0}
    - target: {fileID: 198798914852134490, guid: ead9dc8e31684ea45a544826bd74be53,
        type: 3}
      propertyPath: CollisionModule.enabled
      value: 0
      objectReference: {fileID: 0}
    - target: {fileID: 198798914852134490, guid: ead9dc8e31684ea45a544826bd74be53,
        type: 3}
      propertyPath: TriggerModule.enabled
      value: 1
      objectReference: {fileID: 0}
    - target: {fileID: 198798914852134490, guid: ead9dc8e31684ea45a544826bd74be53,
        type: 3}
      propertyPath: TriggerModule.collisionShape0
      value: 
      objectReference: {fileID: 6414643066684178351}
    - target: {fileID: 198798914852134490, guid: ead9dc8e31684ea45a544826bd74be53,
        type: 3}
      propertyPath: CollisionModule.plane0
      value: 
      objectReference: {fileID: 6414643066684178351}
    - target: {fileID: 198798914852134490, guid: ead9dc8e31684ea45a544826bd74be53,
        type: 3}
      propertyPath: CollisionModule.type
      value: 0
      objectReference: {fileID: 0}
    - target: {fileID: 198798914852134490, guid: ead9dc8e31684ea45a544826bd74be53,
        type: 3}
      propertyPath: TriggerModule.inside
      value: 0
      objectReference: {fileID: 0}
    - target: {fileID: 198798914852134490, guid: ead9dc8e31684ea45a544826bd74be53,
        type: 3}
      propertyPath: InitialModule.startSize.scalar
      value: 20
      objectReference: {fileID: 0}
    - target: {fileID: 198798914852134490, guid: ead9dc8e31684ea45a544826bd74be53,
        type: 3}
      propertyPath: InitialModule.startLifetime.scalar
      value: 1
      objectReference: {fileID: 0}
    m_RemovedComponents: []
  m_SourcePrefab: {fileID: 100100000, guid: ead9dc8e31684ea45a544826bd74be53, type: 3}
--- !u!4 &6419021425155893136 stripped
Transform:
  m_CorrespondingSourceObject: {fileID: 4945707815571746, guid: ead9dc8e31684ea45a544826bd74be53,
    type: 3}
  m_PrefabInstance: {fileID: 6414643068075210418}
  m_PrefabAsset: {fileID: 0}
