%YAML 1.1
%TAG !u! tag:unity3d.com,2011:
--- !u!1 &2406039475319409633
GameObject:
  m_ObjectHideFlags: 0
  m_CorrespondingSourceObject: {fileID: 0}
  m_PrefabInstance: {fileID: 0}
  m_PrefabAsset: {fileID: 0}
  serializedVersion: 6
  m_Component:
  - component: {fileID: 3927605464983727240}
  - component: {fileID: 5809788277849140830}
  - component: {fileID: 150204726049523201}
  - component: {fileID: 6858200557285471095}
  m_Layer: 9
  m_Name: Sphere
  m_TagString: Untagged
  m_Icon: {fileID: 0}
  m_NavMeshLayer: 0
  m_StaticEditorFlags: 0
  m_IsActive: 1
--- !u!4 &3927605464983727240
Transform:
  m_ObjectHideFlags: 0
  m_CorrespondingSourceObject: {fileID: 0}
  m_PrefabInstance: {fileID: 0}
  m_PrefabAsset: {fileID: 0}
  m_GameObject: {fileID: 2406039475319409633}
  m_LocalRotation: {x: 0, y: 0, z: 0, w: 1}
  m_LocalPosition: {x: 0.064, y: -0.0504, z: -0.1548}
  m_LocalScale: {x: 0.020654622, y: 0.020654622, z: 0.020654622}
  m_Children: []
  m_Father: {fileID: 3949574791142497249}
  m_RootOrder: 0
  m_LocalEulerAnglesHint: {x: 0, y: 0, z: 0}
--- !u!33 &5809788277849140830
MeshFilter:
  m_ObjectHideFlags: 0
  m_CorrespondingSourceObject: {fileID: 0}
  m_PrefabInstance: {fileID: 0}
  m_PrefabAsset: {fileID: 0}
  m_GameObject: {fileID: 2406039475319409633}
  m_Mesh: {fileID: 10207, guid: 0000000000000000e000000000000000, type: 0}
--- !u!23 &150204726049523201
MeshRenderer:
  m_ObjectHideFlags: 0
  m_CorrespondingSourceObject: {fileID: 0}
  m_PrefabInstance: {fileID: 0}
  m_PrefabAsset: {fileID: 0}
  m_GameObject: {fileID: 2406039475319409633}
  m_Enabled: 1
  m_CastShadows: 1
  m_ReceiveShadows: 1
  m_DynamicOccludee: 1
  m_MotionVectors: 1
  m_LightProbeUsage: 1
  m_ReflectionProbeUsage: 1
  m_RenderingLayerMask: 1
  m_RendererPriority: 0
  m_Materials:
  - {fileID: 2100000, guid: 11567757e63c0124cb24ea0079b74f0d, type: 2}
  m_StaticBatchInfo:
    firstSubMesh: 0
    subMeshCount: 0
  m_StaticBatchRoot: {fileID: 0}
  m_ProbeAnchor: {fileID: 0}
  m_LightProbeVolumeOverride: {fileID: 0}
  m_ScaleInLightmap: 1
  m_PreserveUVs: 0
  m_IgnoreNormalsForChartDetection: 0
  m_ImportantGI: 0
  m_StitchLightmapSeams: 0
  m_SelectedEditorRenderState: 3
  m_MinimumChartSize: 4
  m_AutoUVMaxDistance: 0.5
  m_AutoUVMaxAngle: 89
  m_LightmapParameters: {fileID: 0}
  m_SortingLayerID: 0
  m_SortingLayer: 0
  m_SortingOrder: 0
--- !u!135 &6858200557285471095
SphereCollider:
  m_ObjectHideFlags: 0
  m_CorrespondingSourceObject: {fileID: 0}
  m_PrefabInstance: {fileID: 0}
  m_PrefabAsset: {fileID: 0}
  m_GameObject: {fileID: 2406039475319409633}
  m_Material: {fileID: 0}
  m_IsTrigger: 0
  m_Enabled: 1
  serializedVersion: 2
  m_Radius: 0.5
  m_Center: {x: 0, y: -3.4220028e-19, z: -0.000030517578}
--- !u!1 &3949574790566553559
GameObject:
  m_ObjectHideFlags: 0
  m_CorrespondingSourceObject: {fileID: 0}
  m_PrefabInstance: {fileID: 0}
  m_PrefabAsset: {fileID: 0}
  serializedVersion: 6
  m_Component:
  - component: {fileID: 3949574790566553560}
  - component: {fileID: 3949574790566553561}
  m_Layer: 9
  m_Name: Attack_box_foot
  m_TagString: Enemy_Attack_BOX
  m_Icon: {fileID: 0}
  m_NavMeshLayer: 0
  m_StaticEditorFlags: 0
  m_IsActive: 0
--- !u!4 &3949574790566553560
Transform:
  m_ObjectHideFlags: 0
  m_CorrespondingSourceObject: {fileID: 0}
  m_PrefabInstance: {fileID: 0}
  m_PrefabAsset: {fileID: 0}
  m_GameObject: {fileID: 3949574790566553559}
  m_LocalRotation: {x: 0, y: 0, z: 0, w: 1}
  m_LocalPosition: {x: 0, y: 0, z: 0}
  m_LocalScale: {x: 1, y: 1, z: 1}
  m_Children: []
  m_Father: {fileID: 3949574791142497223}
  m_RootOrder: 2
  m_LocalEulerAnglesHint: {x: 0, y: 0, z: 0}
--- !u!65 &3949574790566553561
BoxCollider:
  m_ObjectHideFlags: 0
  m_CorrespondingSourceObject: {fileID: 0}
  m_PrefabInstance: {fileID: 0}
  m_PrefabAsset: {fileID: 0}
  m_GameObject: {fileID: 3949574790566553559}
  m_Material: {fileID: 0}
  m_IsTrigger: 1
  m_Enabled: 1
  serializedVersion: 2
  m_Size: {x: 1.55, y: 2.17, z: 1}
  m_Center: {x: -0.28, y: 0.26, z: -0.19}
--- !u!1 &3949574791142655553
GameObject:
  m_ObjectHideFlags: 0
  m_CorrespondingSourceObject: {fileID: 0}
  m_PrefabInstance: {fileID: 0}
  m_PrefabAsset: {fileID: 0}
  serializedVersion: 6
  m_Component:
  - component: {fileID: 3949574791142497185}
  m_Layer: 9
  m_Name: shdrpistonC_rt_up_aim_jnt
  m_TagString: Untagged
  m_Icon: {fileID: 0}
  m_NavMeshLayer: 0
  m_StaticEditorFlags: 0
  m_IsActive: 1
--- !u!4 &3949574791142497185
Transform:
  m_ObjectHideFlags: 0
  m_CorrespondingSourceObject: {fileID: 0}
  m_PrefabInstance: {fileID: 0}
  m_PrefabAsset: {fileID: 0}
  m_GameObject: {fileID: 3949574791142655553}
  m_LocalRotation: {x: -0.517102, y: 0.78245705, z: -0.18035324, w: 0.296377}
  m_LocalPosition: {x: -0.27180278, y: -0.13156499, z: 0.23121674}
  m_LocalScale: {x: 1, y: 1, z: 1}
  m_Children: []
  m_Father: {fileID: 3949574791142497233}
  m_RootOrder: 8
  m_LocalEulerAnglesHint: {x: 0, y: 0, z: 0}
--- !u!1 &3949574791142655555
GameObject:
  m_ObjectHideFlags: 0
  m_CorrespondingSourceObject: {fileID: 0}
  m_PrefabInstance: {fileID: 0}
  m_PrefabAsset: {fileID: 0}
  serializedVersion: 6
  m_Component:
  - component: {fileID: 3949574791142497187}
  m_Layer: 9
  m_Name: thumb1_lf_jnt
  m_TagString: Untagged
  m_Icon: {fileID: 0}
  m_NavMeshLayer: 0
  m_StaticEditorFlags: 0
  m_IsActive: 1
--- !u!4 &3949574791142497187
Transform:
  m_ObjectHideFlags: 0
  m_CorrespondingSourceObject: {fileID: 0}
  m_PrefabInstance: {fileID: 0}
  m_PrefabAsset: {fileID: 0}
  m_GameObject: {fileID: 3949574791142655555}
  m_LocalRotation: {x: 0.58661246, y: -0.35882273, z: 0.5315171, w: 0.4945924}
  m_LocalPosition: {x: 0.0037012298, y: -0.118898034, z: 0.0019425453}
  m_LocalScale: {x: 1, y: 1, z: 1}
  m_Children: []
  m_Father: {fileID: 3949574791142497193}
  m_RootOrder: 3
  m_LocalEulerAnglesHint: {x: 0, y: 0, z: 0}
--- !u!1 &3949574791142655557
GameObject:
  m_ObjectHideFlags: 0
  m_CorrespondingSourceObject: {fileID: 0}
  m_PrefabInstance: {fileID: 0}
  m_PrefabAsset: {fileID: 0}
  serializedVersion: 6
  m_Component:
  - component: {fileID: 3949574791142497189}
  m_Layer: 9
  m_Name: shdrpistonB_rt_up_aim_jnt
  m_TagString: Untagged
  m_Icon: {fileID: 0}
  m_NavMeshLayer: 0
  m_StaticEditorFlags: 0
  m_IsActive: 1
--- !u!4 &3949574791142497189
Transform:
  m_ObjectHideFlags: 0
  m_CorrespondingSourceObject: {fileID: 0}
  m_PrefabInstance: {fileID: 0}
  m_PrefabAsset: {fileID: 0}
  m_GameObject: {fileID: 3949574791142655557}
  m_LocalRotation: {x: 0.122369185, y: -0.002801541, z: 0.8742128, w: -0.46986172}
  m_LocalPosition: {x: -0.11629028, y: -0.13399498, z: -0.09759913}
  m_LocalScale: {x: 1, y: 1, z: 1}
  m_Children: []
  m_Father: {fileID: 3949574791142497233}
  m_RootOrder: 6
  m_LocalEulerAnglesHint: {x: 0, y: 0, z: 0}
--- !u!1 &3949574791142655559
GameObject:
  m_ObjectHideFlags: 0
  m_CorrespondingSourceObject: {fileID: 0}
  m_PrefabInstance: {fileID: 0}
  m_PrefabAsset: {fileID: 0}
  serializedVersion: 6
  m_Component:
  - component: {fileID: 3949574791142497191}
  m_Layer: 9
  m_Name: shdrpistonC_lf_up_aim_jnt
  m_TagString: Untagged
  m_Icon: {fileID: 0}
  m_NavMeshLayer: 0
  m_StaticEditorFlags: 0
  m_IsActive: 1
--- !u!4 &3949574791142497191
Transform:
  m_ObjectHideFlags: 0
  m_CorrespondingSourceObject: {fileID: 0}
  m_PrefabInstance: {fileID: 0}
  m_PrefabAsset: {fileID: 0}
  m_GameObject: {fileID: 3949574791142655559}
  m_LocalRotation: {x: 0.31434298, y: -0.048501108, z: -0.7279193, w: 0.6074287}
  m_LocalPosition: {x: -0.2718032, y: 0.13156465, z: 0.23121631}
  m_LocalScale: {x: 1, y: 1, z: 1}
  m_Children: []
  m_Father: {fileID: 3949574791142497233}
  m_RootOrder: 7
  m_LocalEulerAnglesHint: {x: 0, y: 0, z: 0}
--- !u!1 &3949574791142655561
GameObject:
  m_ObjectHideFlags: 0
  m_CorrespondingSourceObject: {fileID: 0}
  m_PrefabInstance: {fileID: 0}
  m_PrefabAsset: {fileID: 0}
  serializedVersion: 6
  m_Component:
  - component: {fileID: 3949574791142497193}
  m_Layer: 9
  m_Name: wrist2_lf_jnt
  m_TagString: Untagged
  m_Icon: {fileID: 0}
  m_NavMeshLayer: 0
  m_StaticEditorFlags: 0
  m_IsActive: 1
--- !u!4 &3949574791142497193
Transform:
  m_ObjectHideFlags: 0
  m_CorrespondingSourceObject: {fileID: 0}
  m_PrefabInstance: {fileID: 0}
  m_PrefabAsset: {fileID: 0}
  m_GameObject: {fileID: 3949574791142655561}
  m_LocalRotation: {x: -0.65653896, y: 0, z: -0, w: 0.7542922}
  m_LocalPosition: {x: -0.08313494, y: 0.0016139594, z: 0.000471225}
  m_LocalScale: {x: 1, y: 1, z: 1}
  m_Children:
  - {fileID: 3949574791142497243}
  - {fileID: 3949574791142497253}
  - {fileID: 3949574791142497255}
  - {fileID: 3949574791142497187}
  - {fileID: 8165502490215447942}
  m_Father: {fileID: 3949574791142497199}
  m_RootOrder: 0
  m_LocalEulerAnglesHint: {x: 0, y: 0, z: 0}
--- !u!1 &3949574791142655565
GameObject:
  m_ObjectHideFlags: 0
  m_CorrespondingSourceObject: {fileID: 0}
  m_PrefabInstance: {fileID: 0}
  m_PrefabAsset: {fileID: 0}
  serializedVersion: 6
  m_Component:
  - component: {fileID: 3949574791142497197}
  m_Layer: 9
  m_Name: waist_jnt
  m_TagString: Untagged
  m_Icon: {fileID: 0}
  m_NavMeshLayer: 0
  m_StaticEditorFlags: 0
  m_IsActive: 1
--- !u!4 &3949574791142497197
Transform:
  m_ObjectHideFlags: 0
  m_CorrespondingSourceObject: {fileID: 0}
  m_PrefabInstance: {fileID: 0}
  m_PrefabAsset: {fileID: 0}
  m_GameObject: {fileID: 3949574791142655565}
  m_LocalRotation: {x: 0.7071068, y: -0.7071068, z: 4.3297806e-17, w: -4.3297806e-17}
  m_LocalPosition: {x: -0, y: 0, z: 0}
  m_LocalScale: {x: 1, y: 1, z: 1}
  m_Children:
  - {fileID: 3949574791142497233}
  m_Father: {fileID: 3949574791142497163}
  m_RootOrder: 1
  m_LocalEulerAnglesHint: {x: 0, y: 0, z: 0}
--- !u!1 &3949574791142655567
GameObject:
  m_ObjectHideFlags: 0
  m_CorrespondingSourceObject: {fileID: 0}
  m_PrefabInstance: {fileID: 0}
  m_PrefabAsset: {fileID: 0}
  serializedVersion: 6
  m_Component:
  - component: {fileID: 3949574791142497199}
  m_Layer: 9
  m_Name: wrist1_lf_jnt
  m_TagString: Untagged
  m_Icon: {fileID: 0}
  m_NavMeshLayer: 0
  m_StaticEditorFlags: 0
  m_IsActive: 1
--- !u!4 &3949574791142497199
Transform:
  m_ObjectHideFlags: 0
  m_CorrespondingSourceObject: {fileID: 0}
  m_PrefabInstance: {fileID: 0}
  m_PrefabAsset: {fileID: 0}
  m_GameObject: {fileID: 3949574791142655567}
  m_LocalRotation: {x: -8.261896e-10, y: -0.0320377, z: -0.000000025774805, w: 0.9994867}
  m_LocalPosition: {x: -0.5780266, y: 1.110223e-15, z: -0.03459201}
  m_LocalScale: {x: 1, y: 1, z: 1}
  m_Children:
  - {fileID: 3949574791142497193}
  m_Father: {fileID: 3949574791142497235}
  m_RootOrder: 1
  m_LocalEulerAnglesHint: {x: 0, y: 0, z: 0}
--- !u!1 &3949574791142655873
GameObject:
  m_ObjectHideFlags: 0
  m_CorrespondingSourceObject: {fileID: 0}
  m_PrefabInstance: {fileID: 0}
  m_PrefabAsset: {fileID: 0}
  serializedVersion: 6
  m_Component:
  - component: {fileID: 3949574791142497249}
  m_Layer: 9
  m_Name: head_jnt
  m_TagString: Untagged
  m_Icon: {fileID: 0}
  m_NavMeshLayer: 0
  m_StaticEditorFlags: 0
  m_IsActive: 1
--- !u!4 &3949574791142497249
Transform:
  m_ObjectHideFlags: 0
  m_CorrespondingSourceObject: {fileID: 0}
  m_PrefabInstance: {fileID: 0}
  m_PrefabAsset: {fileID: 0}
  m_GameObject: {fileID: 3949574791142655873}
  m_LocalRotation: {x: 0.11545777, y: 0, z: -0, w: 0.9933124}
  m_LocalPosition: {x: -0.66762644, y: 0.000000014901161, z: 0.01712475}
  m_LocalScale: {x: 1, y: 1, z: 1}
  m_Children:
  - {fileID: 3927605464983727240}
  - {fileID: 1353931214482919292}
  m_Father: {fileID: 3949574791142497233}
  m_RootOrder: 0
  m_LocalEulerAnglesHint: {x: 0, y: 0, z: 0}
--- !u!1 &3949574791142655875
GameObject:
  m_ObjectHideFlags: 0
  m_CorrespondingSourceObject: {fileID: 0}
  m_PrefabInstance: {fileID: 0}
  m_PrefabAsset: {fileID: 0}
  serializedVersion: 6
  m_Component:
  - component: {fileID: 3949574791142497251}
  m_Layer: 9
  m_Name: heel_lf_jnt
  m_TagString: Untagged
  m_Icon: {fileID: 0}
  m_NavMeshLayer: 0
  m_StaticEditorFlags: 0
  m_IsActive: 1
--- !u!4 &3949574791142497251
Transform:
  m_ObjectHideFlags: 0
  m_CorrespondingSourceObject: {fileID: 0}
  m_PrefabInstance: {fileID: 0}
  m_PrefabAsset: {fileID: 0}
  m_GameObject: {fileID: 3949574791142655875}
  m_LocalRotation: {x: 0.6184253, y: 0.000014595072, z: 0.7858436, w: 0.000009269277}
  m_LocalPosition: {x: -2.7755576e-17, y: 5.551115e-17, z: 0}
  m_LocalScale: {x: 1, y: 1, z: 1}
  m_Children: []
  m_Father: {fileID: 3949574791142497221}
  m_RootOrder: 1
  m_LocalEulerAnglesHint: {x: 0, y: 0, z: 0}
--- !u!1 &3949574791142655877
GameObject:
  m_ObjectHideFlags: 0
  m_CorrespondingSourceObject: {fileID: 0}
  m_PrefabInstance: {fileID: 0}
  m_PrefabAsset: {fileID: 0}
  serializedVersion: 6
  m_Component:
  - component: {fileID: 3949574791142497253}
  m_Layer: 9
  m_Name: fingerB1_lf_jnt
  m_TagString: Untagged
  m_Icon: {fileID: 0}
  m_NavMeshLayer: 0
  m_StaticEditorFlags: 0
  m_IsActive: 1
--- !u!4 &3949574791142497253
Transform:
  m_ObjectHideFlags: 0
  m_CorrespondingSourceObject: {fileID: 0}
  m_PrefabInstance: {fileID: 0}
  m_PrefabAsset: {fileID: 0}
  m_GameObject: {fileID: 3949574791142655877}
  m_LocalRotation: {x: 0, y: -0.100940466, z: -0, w: 0.9948925}
  m_LocalPosition: {x: -0.087714285, y: -0.0016138998, z: 0.010019079}
  m_LocalScale: {x: 1, y: 1, z: 1}
  m_Children: []
  m_Father: {fileID: 3949574791142497193}
  m_RootOrder: 1
  m_LocalEulerAnglesHint: {x: 0, y: 0, z: 0}
--- !u!1 &3949574791142655879
GameObject:
  m_ObjectHideFlags: 0
  m_CorrespondingSourceObject: {fileID: 0}
  m_PrefabInstance: {fileID: 0}
  m_PrefabAsset: {fileID: 0}
  serializedVersion: 6
  m_Component:
  - component: {fileID: 3949574791142497255}
  m_Layer: 9
  m_Name: fingerC1_lf_jnt
  m_TagString: Untagged
  m_Icon: {fileID: 0}
  m_NavMeshLayer: 0
  m_StaticEditorFlags: 0
  m_IsActive: 1
--- !u!4 &3949574791142497255
Transform:
  m_ObjectHideFlags: 0
  m_CorrespondingSourceObject: {fileID: 0}
  m_PrefabInstance: {fileID: 0}
  m_PrefabAsset: {fileID: 0}
  m_GameObject: {fileID: 3949574791142655879}
  m_LocalRotation: {x: -0.17501506, y: -0.28547046, z: -0.042880487, w: 0.9412957}
  m_LocalPosition: {x: -0.09197291, y: 0.08491599, z: -0.0027271048}
  m_LocalScale: {x: 1, y: 1, z: 1}
  m_Children: []
  m_Father: {fileID: 3949574791142497193}
  m_RootOrder: 2
  m_LocalEulerAnglesHint: {x: 0, y: 0, z: 0}
--- !u!1 &3949574791142655881
GameObject:
  m_ObjectHideFlags: 0
  m_CorrespondingSourceObject: {fileID: 0}
  m_PrefabInstance: {fileID: 0}
  m_PrefabAsset: {fileID: 0}
  serializedVersion: 6
  m_Component:
  - component: {fileID: 3949574791142497257}
  m_Layer: 9
  m_Name: hip_rt_jnt
  m_TagString: Untagged
  m_Icon: {fileID: 0}
  m_NavMeshLayer: 0
  m_StaticEditorFlags: 0
  m_IsActive: 1
--- !u!4 &3949574791142497257
Transform:
  m_ObjectHideFlags: 0
  m_CorrespondingSourceObject: {fileID: 0}
  m_PrefabInstance: {fileID: 0}
  m_PrefabAsset: {fileID: 0}
  m_GameObject: {fileID: 3949574791142655881}
  m_LocalRotation: {x: -0.19640492, y: 0.97914505, z: -0.007248583, w: 0.05145416}
  m_LocalPosition: {x: -0.20838183, y: -0.42432374, z: 0.032815497}
  m_LocalScale: {x: 1, y: 1, z: 1}
  m_Children:
  - {fileID: 3949574791142497269}
  - {fileID: 3949574791142497153}
  m_Father: {fileID: 3949574791142497155}
  m_RootOrder: 1
  m_LocalEulerAnglesHint: {x: 0, y: 0, z: 0}
--- !u!1 &3949574791142655883
GameObject:
  m_ObjectHideFlags: 0
  m_CorrespondingSourceObject: {fileID: 0}
  m_PrefabInstance: {fileID: 0}
  m_PrefabAsset: {fileID: 0}
  serializedVersion: 6
  m_Component:
  - component: {fileID: 3949574791142497259}
  m_Layer: 9
  m_Name: knee1_lf_jnt
  m_TagString: Untagged
  m_Icon: {fileID: 0}
  m_NavMeshLayer: 0
  m_StaticEditorFlags: 0
  m_IsActive: 1
--- !u!4 &3949574791142497259
Transform:
  m_ObjectHideFlags: 0
  m_CorrespondingSourceObject: {fileID: 0}
  m_PrefabInstance: {fileID: 0}
  m_PrefabAsset: {fileID: 0}
  m_GameObject: {fileID: 3949574791142655883}
  m_LocalRotation: {x: 0.000012583718, y: -0.53463215, z: -0.00000014064335, w: 0.8450849}
  m_LocalPosition: {x: -0.7313845, y: -3.330669e-16, z: 6.8833828e-15}
  m_LocalScale: {x: 1, y: 1, z: 1}
  m_Children:
  - {fileID: 3949574791142497271}
  m_Father: {fileID: 3949574791142497263}
  m_RootOrder: 0
  m_LocalEulerAnglesHint: {x: 0, y: 0, z: 0}
--- !u!1 &3949574791142655885
GameObject:
  m_ObjectHideFlags: 0
  m_CorrespondingSourceObject: {fileID: 0}
  m_PrefabInstance: {fileID: 0}
  m_PrefabAsset: {fileID: 0}
  serializedVersion: 6
  m_Component:
  - component: {fileID: 3949574791142497261}
  m_Layer: 9
  m_Name: heel_rt_jnt
  m_TagString: Untagged
  m_Icon: {fileID: 0}
  m_NavMeshLayer: 0
  m_StaticEditorFlags: 0
  m_IsActive: 1
--- !u!4 &3949574791142497261
Transform:
  m_ObjectHideFlags: 0
  m_CorrespondingSourceObject: {fileID: 0}
  m_PrefabInstance: {fileID: 0}
  m_PrefabAsset: {fileID: 0}
  m_GameObject: {fileID: 3949574791142655885}
  m_LocalRotation: {x: 0.6184253, y: 0.000014595091, z: 0.7858436, w: 0.000009269262}
  m_LocalPosition: {x: -5.828671e-16, y: 1.110223e-16, z: -1.6653345e-16}
  m_LocalScale: {x: 1, y: 1, z: 1}
  m_Children: []
  m_Father: {fileID: 3949574791142497223}
  m_RootOrder: 1
  m_LocalEulerAnglesHint: {x: 0, y: 0, z: 0}
--- !u!1 &3949574791142655887
GameObject:
  m_ObjectHideFlags: 0
  m_CorrespondingSourceObject: {fileID: 0}
  m_PrefabInstance: {fileID: 0}
  m_PrefabAsset: {fileID: 0}
  serializedVersion: 6
  m_Component:
  - component: {fileID: 3949574791142497263}
  m_Layer: 9
  m_Name: hip_lf_jnt
  m_TagString: Untagged
  m_Icon: {fileID: 0}
  m_NavMeshLayer: 0
  m_StaticEditorFlags: 0
  m_IsActive: 1
--- !u!4 &3949574791142497263
Transform:
  m_ObjectHideFlags: 0
  m_CorrespondingSourceObject: {fileID: 0}
  m_PrefabInstance: {fileID: 0}
  m_PrefabAsset: {fileID: 0}
  m_GameObject: {fileID: 3949574791142655887}
  m_LocalRotation: {x: -0.31051838, y: 0.07515559, z: -0.09395209, w: 0.9429226}
  m_LocalPosition: {x: -0.20838054, y: 0.4243233, z: 0.032815523}
  m_LocalScale: {x: 1, y: 1, z: 1}
  m_Children:
  - {fileID: 3949574791142497259}
  - {fileID: 3949574791142497275}
  m_Father: {fileID: 3949574791142497155}
  m_RootOrder: 0
  m_LocalEulerAnglesHint: {x: 0, y: 0, z: 0}
--- !u!1 &3949574791142655889
GameObject:
  m_ObjectHideFlags: 0
  m_CorrespondingSourceObject: {fileID: 0}
  m_PrefabInstance: {fileID: 0}
  m_PrefabAsset: {fileID: 0}
  serializedVersion: 6
  m_Component:
  - component: {fileID: 3949574791142497265}
  - component: {fileID: 9055054265618449037}
  m_Layer: 9
  m_Name: knee2_rt_jnt
  m_TagString: Untagged
  m_Icon: {fileID: 0}
  m_NavMeshLayer: 0
  m_StaticEditorFlags: 0
  m_IsActive: 1
--- !u!4 &3949574791142497265
Transform:
  m_ObjectHideFlags: 0
  m_CorrespondingSourceObject: {fileID: 0}
  m_PrefabInstance: {fileID: 0}
  m_PrefabAsset: {fileID: 0}
  m_GameObject: {fileID: 3949574791142655889}
  m_LocalRotation: {x: 0.000009924829, y: 0.57313293, z: 0.000006450238, w: 0.8194624}
  m_LocalPosition: {x: 0.5236568, y: -0.00000007097188, z: -0.000007630674}
  m_LocalScale: {x: 1, y: 1, z: 1}
  m_Children:
  - {fileID: 3949574791142497223}
  - {fileID: 3949574791142497277}
  - {fileID: 3949574791142497157}
  m_Father: {fileID: 3949574791142497269}
  m_RootOrder: 0
  m_LocalEulerAnglesHint: {x: 0, y: 0, z: 0}
--- !u!65 &9055054265618449037
BoxCollider:
  m_ObjectHideFlags: 0
  m_CorrespondingSourceObject: {fileID: 0}
  m_PrefabInstance: {fileID: 0}
  m_PrefabAsset: {fileID: 0}
  m_GameObject: {fileID: 3949574791142655889}
  m_Material: {fileID: 0}
  m_IsTrigger: 0
  m_Enabled: 1
  serializedVersion: 2
  m_Size: {x: 1.52, y: 0.8, z: 1}
  m_Center: {x: 0.69, y: 0, z: 0}
--- !u!1 &3949574791142655891
GameObject:
  m_ObjectHideFlags: 0
  m_CorrespondingSourceObject: {fileID: 0}
  m_PrefabInstance: {fileID: 0}
  m_PrefabAsset: {fileID: 0}
  serializedVersion: 6
  m_Component:
  - component: {fileID: 3949574791142497267}
  m_Layer: 9
  m_Name: kneepiston_lf_jnt
  m_TagString: Untagged
  m_Icon: {fileID: 0}
  m_NavMeshLayer: 0
  m_StaticEditorFlags: 0
  m_IsActive: 1
--- !u!4 &3949574791142497267
Transform:
  m_ObjectHideFlags: 0
  m_CorrespondingSourceObject: {fileID: 0}
  m_PrefabInstance: {fileID: 0}
  m_PrefabAsset: {fileID: 0}
  m_GameObject: {fileID: 3949574791142655891}
  m_LocalRotation: {x: 0.34635374, y: 0.000015667358, z: 0.93810403, w: 0.000015037977}
  m_LocalPosition: {x: 1.5543122e-15, y: -2.7755576e-16, z: 2.7755576e-16}
  m_LocalScale: {x: 1, y: 1, z: 1}
  m_Children: []
  m_Father: {fileID: 3949574791142497271}
  m_RootOrder: 1
  m_LocalEulerAnglesHint: {x: 0, y: 0, z: 0}
--- !u!1 &3949574791142655893
GameObject:
  m_ObjectHideFlags: 0
  m_CorrespondingSourceObject: {fileID: 0}
  m_PrefabInstance: {fileID: 0}
  m_PrefabAsset: {fileID: 0}
  serializedVersion: 6
  m_Component:
  - component: {fileID: 3949574791142497269}
  m_Layer: 9
  m_Name: knee1_rt_jnt
  m_TagString: Untagged
  m_Icon: {fileID: 0}
  m_NavMeshLayer: 0
  m_StaticEditorFlags: 0
  m_IsActive: 1
--- !u!4 &3949574791142497269
Transform:
  m_ObjectHideFlags: 0
  m_CorrespondingSourceObject: {fileID: 0}
  m_PrefabInstance: {fileID: 0}
  m_PrefabAsset: {fileID: 0}
  m_GameObject: {fileID: 3949574791142655893}
  m_LocalRotation: {x: 0.000027320042, y: -0.4667793, z: -0.0000009409443, w: 0.8843739}
  m_LocalPosition: {x: 0.7313777, y: 0.00000001438667, z: 0.0000005305132}
  m_LocalScale: {x: 1, y: 1, z: 1}
  m_Children:
  - {fileID: 3949574791142497265}
  m_Father: {fileID: 3949574791142497257}
  m_RootOrder: 0
  m_LocalEulerAnglesHint: {x: 0, y: 0, z: 0}
--- !u!1 &3949574791142655895
GameObject:
  m_ObjectHideFlags: 0
  m_CorrespondingSourceObject: {fileID: 0}
  m_PrefabInstance: {fileID: 0}
  m_PrefabAsset: {fileID: 0}
  serializedVersion: 6
  m_Component:
  - component: {fileID: 3949574791142497271}
  - component: {fileID: 5293813434374191694}
  m_Layer: 9
  m_Name: knee2_lf_jnt
  m_TagString: Untagged
  m_Icon: {fileID: 0}
  m_NavMeshLayer: 0
  m_StaticEditorFlags: 0
  m_IsActive: 1
--- !u!4 &3949574791142497271
Transform:
  m_ObjectHideFlags: 0
  m_CorrespondingSourceObject: {fileID: 0}
  m_PrefabInstance: {fileID: 0}
  m_PrefabAsset: {fileID: 0}
  m_GameObject: {fileID: 3949574791142655895}
  m_LocalRotation: {x: 0.0000015460929, y: 0.6510106, z: 0.0000011552869, w: 0.75906867}
  m_LocalPosition: {x: -0.52365476, y: 0, z: 8.881784e-16}
  m_LocalScale: {x: 1, y: 1, z: 1}
  m_Children:
  - {fileID: 3949574791142497221}
  - {fileID: 3949574791142497267}
  - {fileID: 3949574791142497279}
  m_Father: {fileID: 3949574791142497259}
  m_RootOrder: 0
  m_LocalEulerAnglesHint: {x: 0, y: 0, z: 0}
--- !u!65 &5293813434374191694
BoxCollider:
  m_ObjectHideFlags: 0
  m_CorrespondingSourceObject: {fileID: 0}
  m_PrefabInstance: {fileID: 0}
  m_PrefabAsset: {fileID: 0}
  m_GameObject: {fileID: 3949574791142655895}
  m_Material: {fileID: 0}
  m_IsTrigger: 0
  m_Enabled: 1
  serializedVersion: 2
  m_Size: {x: 1.34, y: 0.94, z: 1}
  m_Center: {x: -0.53, y: 0, z: 0}
--- !u!1 &3949574791142655897
GameObject:
  m_ObjectHideFlags: 0
  m_CorrespondingSourceObject: {fileID: 0}
  m_PrefabInstance: {fileID: 0}
  m_PrefabAsset: {fileID: 0}
  serializedVersion: 6
  m_Component:
  - component: {fileID: 3949574791142497273}
  m_Layer: 9
  m_Name: legpiston_lf_up_aim_jnt
  m_TagString: Untagged
  m_Icon: {fileID: 0}
  m_NavMeshLayer: 0
  m_StaticEditorFlags: 0
  m_IsActive: 1
--- !u!4 &3949574791142497273
Transform:
  m_ObjectHideFlags: 0
  m_CorrespondingSourceObject: {fileID: 0}
  m_PrefabInstance: {fileID: 0}
  m_PrefabAsset: {fileID: 0}
  m_GameObject: {fileID: 3949574791142655897}
  m_LocalRotation: {x: -5.210084e-14, y: 0.000010858373, z: 0.035897054, w: 0.9993555}
  m_LocalPosition: {x: -2.220446e-16, y: 0, z: -1.110223e-16}
  m_LocalScale: {x: 1, y: 1, z: 1}
  m_Children: []
  m_Father: {fileID: 3949574791142497275}
  m_RootOrder: 0
  m_LocalEulerAnglesHint: {x: 0, y: 0, z: 0}
--- !u!1 &3949574791142655899
GameObject:
  m_ObjectHideFlags: 0
  m_CorrespondingSourceObject: {fileID: 0}
  m_PrefabInstance: {fileID: 0}
  m_PrefabAsset: {fileID: 0}
  serializedVersion: 6
  m_Component:
  - component: {fileID: 3949574791142497275}
  m_Layer: 9
  m_Name: legpiston_lf_up_CON_jnt
  m_TagString: Untagged
  m_Icon: {fileID: 0}
  m_NavMeshLayer: 0
  m_StaticEditorFlags: 0
  m_IsActive: 1
--- !u!4 &3949574791142497275
Transform:
  m_ObjectHideFlags: 0
  m_CorrespondingSourceObject: {fileID: 0}
  m_PrefabInstance: {fileID: 0}
  m_PrefabAsset: {fileID: 0}
  m_GameObject: {fileID: 3949574791142655899}
  m_LocalRotation: {x: -0.6541804, y: -0.26843864, z: -0.26843256, w: 0.6541656}
  m_LocalPosition: {x: -0.033954546, y: -0.0000032773992, z: -0.15001546}
  m_LocalScale: {x: 1, y: 1, z: 1}
  m_Children:
  - {fileID: 3949574791142497273}
  m_Father: {fileID: 3949574791142497263}
  m_RootOrder: 1
  m_LocalEulerAnglesHint: {x: 0, y: 0, z: 0}
--- !u!1 &3949574791142655901
GameObject:
  m_ObjectHideFlags: 0
  m_CorrespondingSourceObject: {fileID: 0}
  m_PrefabInstance: {fileID: 0}
  m_PrefabAsset: {fileID: 0}
  serializedVersion: 6
  m_Component:
  - component: {fileID: 3949574791142497277}
  m_Layer: 9
  m_Name: kneepiston_rt_jnt
  m_TagString: Untagged
  m_Icon: {fileID: 0}
  m_NavMeshLayer: 0
  m_StaticEditorFlags: 0
  m_IsActive: 1
--- !u!4 &3949574791142497277
Transform:
  m_ObjectHideFlags: 0
  m_CorrespondingSourceObject: {fileID: 0}
  m_PrefabInstance: {fileID: 0}
  m_PrefabAsset: {fileID: 0}
  m_GameObject: {fileID: 3949574791142655901}
  m_LocalRotation: {x: 0.31131855, y: 0.000016210792, z: 0.95030564, w: 0.0000144574415}
  m_LocalPosition: {x: -2.220446e-16, y: 5.551115e-17, z: 5.551115e-17}
  m_LocalScale: {x: 1, y: 1, z: 1}
  m_Children: []
  m_Father: {fileID: 3949574791142497265}
  m_RootOrder: 1
  m_LocalEulerAnglesHint: {x: 0, y: 0, z: 0}
--- !u!1 &3949574791142655903
GameObject:
  m_ObjectHideFlags: 0
  m_CorrespondingSourceObject: {fileID: 0}
  m_PrefabInstance: {fileID: 0}
  m_PrefabAsset: {fileID: 0}
  serializedVersion: 6
  m_Component:
  - component: {fileID: 3949574791142497279}
  m_Layer: 9
  m_Name: legpiston_lf_dn_aim_jnt
  m_TagString: Untagged
  m_Icon: {fileID: 0}
  m_NavMeshLayer: 0
  m_StaticEditorFlags: 0
  m_IsActive: 1
--- !u!4 &3949574791142497279
Transform:
  m_ObjectHideFlags: 0
  m_CorrespondingSourceObject: {fileID: 0}
  m_PrefabInstance: {fileID: 0}
  m_PrefabAsset: {fileID: 0}
  m_GameObject: {fileID: 3949574791142655903}
  m_LocalRotation: {x: -0.3379698, y: -0.6211095, z: 0.6211109, w: -0.3379654}
  m_LocalPosition: {x: 0.27069166, y: -0.000013915092, z: -0.23142888}
  m_LocalScale: {x: 1, y: 1, z: 1}
  m_Children: []
  m_Father: {fileID: 3949574791142497271}
  m_RootOrder: 2
  m_LocalEulerAnglesHint: {x: 0, y: 0, z: 0}
--- !u!1 &3949574791142655905
GameObject:
  m_ObjectHideFlags: 0
  m_CorrespondingSourceObject: {fileID: 0}
  m_PrefabInstance: {fileID: 0}
  m_PrefabAsset: {fileID: 0}
  serializedVersion: 6
  m_Component:
  - component: {fileID: 3949574791142497153}
  m_Layer: 9
  m_Name: legpiston_rt_up_CON_jnt
  m_TagString: Untagged
  m_Icon: {fileID: 0}
  m_NavMeshLayer: 0
  m_StaticEditorFlags: 0
  m_IsActive: 1
--- !u!4 &3949574791142497153
Transform:
  m_ObjectHideFlags: 0
  m_CorrespondingSourceObject: {fileID: 0}
  m_PrefabInstance: {fileID: 0}
  m_PrefabAsset: {fileID: 0}
  m_GameObject: {fileID: 3949574791142655905}
  m_LocalRotation: {x: -0.6541804, y: -0.26843864, z: -0.26843256, w: 0.6541656}
  m_LocalPosition: {x: 0.0339476, y: 0.0000033889307, z: 0.1500161}
  m_LocalScale: {x: 1, y: 1, z: 1}
  m_Children:
  - {fileID: 3949574791142497159}
  m_Father: {fileID: 3949574791142497257}
  m_RootOrder: 1
  m_LocalEulerAnglesHint: {x: 0, y: 0, z: 0}
--- !u!1 &3949574791142655907
GameObject:
  m_ObjectHideFlags: 0
  m_CorrespondingSourceObject: {fileID: 0}
  m_PrefabInstance: {fileID: 0}
  m_PrefabAsset: {fileID: 0}
  serializedVersion: 6
  m_Component:
  - component: {fileID: 3949574791142497155}
  m_Layer: 9
  m_Name: pelvis_jnt
  m_TagString: Untagged
  m_Icon: {fileID: 0}
  m_NavMeshLayer: 0
  m_StaticEditorFlags: 0
  m_IsActive: 1
--- !u!4 &3949574791142497155
Transform:
  m_ObjectHideFlags: 0
  m_CorrespondingSourceObject: {fileID: 0}
  m_PrefabInstance: {fileID: 0}
  m_PrefabAsset: {fileID: 0}
  m_GameObject: {fileID: 3949574791142655907}
  m_LocalRotation: {x: 0, y: 0, z: 0.7071068, w: 0.7071068}
  m_LocalPosition: {x: -0.000000014957585, y: 0.02045393, z: -0.0027062874}
  m_LocalScale: {x: 1, y: 1, z: 1}
  m_Children:
  - {fileID: 3949574791142497263}
  - {fileID: 3949574791142497257}
  m_Father: {fileID: 3949574791142497163}
  m_RootOrder: 0
  m_LocalEulerAnglesHint: {x: 0, y: 0, z: 0}
--- !u!1 &3949574791142655909
GameObject:
  m_ObjectHideFlags: 0
  m_CorrespondingSourceObject: {fileID: 0}
  m_PrefabInstance: {fileID: 0}
  m_PrefabAsset: {fileID: 0}
  serializedVersion: 6
  m_Component:
  - component: {fileID: 3949574791142497157}
  m_Layer: 9
  m_Name: legpiston_rt_dn_aim_jnt
  m_TagString: Untagged
  m_Icon: {fileID: 0}
  m_NavMeshLayer: 0
  m_StaticEditorFlags: 0
  m_IsActive: 1
--- !u!4 &3949574791142497157
Transform:
  m_ObjectHideFlags: 0
  m_CorrespondingSourceObject: {fileID: 0}
  m_PrefabInstance: {fileID: 0}
  m_PrefabAsset: {fileID: 0}
  m_GameObject: {fileID: 3949574791142655909}
  m_LocalRotation: {x: 0.30054656, y: 0.64006484, z: -0.6400567, w: 0.30052656}
  m_LocalPosition: {x: -0.28710112, y: 0.00001353107, z: 0.21072513}
  m_LocalScale: {x: 1, y: 1, z: 1}
  m_Children: []
  m_Father: {fileID: 3949574791142497265}
  m_RootOrder: 2
  m_LocalEulerAnglesHint: {x: 0, y: 0, z: 0}
--- !u!1 &3949574791142655911
GameObject:
  m_ObjectHideFlags: 0
  m_CorrespondingSourceObject: {fileID: 0}
  m_PrefabInstance: {fileID: 0}
  m_PrefabAsset: {fileID: 0}
  serializedVersion: 6
  m_Component:
  - component: {fileID: 3949574791142497159}
  m_Layer: 9
  m_Name: legpiston_rt_up_aim_jnt
  m_TagString: Untagged
  m_Icon: {fileID: 0}
  m_NavMeshLayer: 0
  m_StaticEditorFlags: 0
  m_IsActive: 1
--- !u!4 &3949574791142497159
Transform:
  m_ObjectHideFlags: 0
  m_CorrespondingSourceObject: {fileID: 0}
  m_PrefabInstance: {fileID: 0}
  m_PrefabAsset: {fileID: 0}
  m_GameObject: {fileID: 3949574791142655911}
  m_LocalRotation: {x: 5.029903e-16, y: 0.000023200124, z: 0.07501216, w: 0.99718267}
  m_LocalPosition: {x: -0, y: -2.220446e-16, z: 0}
  m_LocalScale: {x: 1, y: 1, z: 1}
  m_Children: []
  m_Father: {fileID: 3949574791142497153}
  m_RootOrder: 0
  m_LocalEulerAnglesHint: {x: 0, y: 0, z: 0}
--- !u!1 &3949574791142655913
GameObject:
  m_ObjectHideFlags: 0
  m_CorrespondingSourceObject: {fileID: 0}
  m_PrefabInstance: {fileID: 0}
  m_PrefabAsset: {fileID: 0}
  serializedVersion: 6
  m_Component:
  - component: {fileID: 3949574791142497161}
  - component: {fileID: 3949574791135245349}
  - component: {fileID: 3949574790422446615}
  - component: {fileID: 3949574790422446616}
  - component: {fileID: 3949574790422446612}
  - component: {fileID: 3949574790422446613}
  - component: {fileID: 3949574790422446614}
  - component: {fileID: 3949574791142655914}
  m_Layer: 9
  m_Name: Boss
  m_TagString: Enemy
  m_Icon: {fileID: 0}
  m_NavMeshLayer: 0
  m_StaticEditorFlags: 0
  m_IsActive: 1
--- !u!4 &3949574791142497161
Transform:
  m_ObjectHideFlags: 0
  m_CorrespondingSourceObject: {fileID: 0}
  m_PrefabInstance: {fileID: 0}
  m_PrefabAsset: {fileID: 0}
  m_GameObject: {fileID: 3949574791142655913}
  m_LocalRotation: {x: 0, y: 0, z: 0, w: 1}
  m_LocalPosition: {x: 3, y: -4.12, z: 374.8}
  m_LocalScale: {x: 1.2500006, y: 1.25, z: 1.2500006}
  m_Children:
  - {fileID: 3949574791142497165}
  - {fileID: 3949574791142497167}
  - {fileID: 3949574791142497163}
  - {fileID: 3949574791142497173}
  - {fileID: 3949574791142497175}
  - {fileID: 5511094760805812234}
  - {fileID: 4311157077552590156}
  - {fileID: 3803017249167579444}
  m_Father: {fileID: 0}
  m_RootOrder: 0
  m_LocalEulerAnglesHint: {x: 0, y: 0, z: 0}
--- !u!95 &3949574791135245349
Animator:
  serializedVersion: 3
  m_ObjectHideFlags: 0
  m_CorrespondingSourceObject: {fileID: 0}
  m_PrefabInstance: {fileID: 0}
  m_PrefabAsset: {fileID: 0}
  m_GameObject: {fileID: 3949574791142655913}
  m_Enabled: 1
  m_Avatar: {fileID: 9000000, guid: 43ea06131072b5c4ba172203a64e4bcb, type: 3}
  m_Controller: {fileID: 9100000, guid: 38ee942a5c90dd14d85d42d75030875e, type: 2}
  m_CullingMode: 1
  m_UpdateMode: 0
  m_ApplyRootMotion: 0
  m_LinearVelocityBlending: 0
  m_WarningMessage: 
  m_HasTransformHierarchy: 1
  m_AllowConstantClipSamplingOptimization: 1
  m_KeepAnimatorControllerStateOnDisable: 0
--- !u!54 &3949574790422446615
Rigidbody:
  m_ObjectHideFlags: 0
  m_CorrespondingSourceObject: {fileID: 0}
  m_PrefabInstance: {fileID: 0}
  m_PrefabAsset: {fileID: 0}
  m_GameObject: {fileID: 3949574791142655913}
  serializedVersion: 2
  m_Mass: 999
  m_Drag: 50
  m_AngularDrag: 0.05
  m_UseGravity: 1
  m_IsKinematic: 0
  m_Interpolate: 0
  m_Constraints: 116
  m_CollisionDetection: 0
--- !u!136 &3949574790422446616
CapsuleCollider:
  m_ObjectHideFlags: 0
  m_CorrespondingSourceObject: {fileID: 0}
  m_PrefabInstance: {fileID: 0}
  m_PrefabAsset: {fileID: 0}
  m_GameObject: {fileID: 3949574791142655913}
  m_Material: {fileID: 0}
  m_IsTrigger: 0
  m_Enabled: 1
  m_Radius: 0.99
  m_Height: 4.66
  m_Direction: 1
  m_Center: {x: 0, y: 2.33, z: 0}
--- !u!114 &3949574790422446612
MonoBehaviour:
  m_ObjectHideFlags: 0
  m_CorrespondingSourceObject: {fileID: 0}
  m_PrefabInstance: {fileID: 0}
  m_PrefabAsset: {fileID: 0}
  m_GameObject: {fileID: 3949574791142655913}
  m_Enabled: 1
  m_EditorHideFlags: 0
  m_Script: {fileID: 11500000, guid: 07e984a483ad60344bfe18baaf8644cd, type: 3}
  m_Name: 
  m_EditorClassIdentifier: 
  go_pool: {fileID: 0}
  pool: {fileID: 0}
  go_ballPool: {fileID: 0}
  ballPool: {fileID: 0}
  go_sameSpeedPool: {fileID: 0}
  sameSpeedPool: {fileID: 0}
  go_bigBallOnePattern: {fileID: 0}
  bigBallOnePattern: {fileID: 0}
  laserColliderPool: {fileID: 0}
  data: {fileID: 0}
  enemyTarget: {fileID: 0}
  emitterHolder: {fileID: 0}
  rotationSpeed: 1
  rotationAngleX: 0
  rotationAngleY: 0
  rotationAngleZ: 1
  bubbles: []
  bubblesIndex: 0
  bigBall: {fileID: 5032924281440084900, guid: b34e178cf5bb3ca44a9e42bc650db3b3, type: 3}
  firstShootingCountDown: 0
  resetShootingTime: 0.3
  totalWaveShootingTime: 0
  rechargeTime: 0
  bubbleEmitter:
  - {fileID: 0}
  shootingTimeCountDown: 0
  totalWaveShootingTimeCountDown: 0
  rechargeTimeCountDown: 0
--- !u!114 &3949574790422446613
MonoBehaviour:
  m_ObjectHideFlags: 0
  m_CorrespondingSourceObject: {fileID: 0}
  m_PrefabInstance: {fileID: 0}
  m_PrefabAsset: {fileID: 0}
  m_GameObject: {fileID: 3949574791142655913}
  m_Enabled: 1
  m_EditorHideFlags: 0
  m_Script: {fileID: 11500000, guid: 809fab753e7b0ff4abc7d17beda0b1f6, type: 3}
  m_Name: 
  m_EditorClassIdentifier: 
  b_IsKyle: 0
  b_IsSpiderRobot: 0
  b_IsLongLegRobot: 0
  b_IsLastBoss: 1
  b_DefenseTower: 0
  b_IsNiceKyle: 0
  b_IsLaserSpiderRobot: 0
  b_IsKyleWall: 0
  currentState: 0
--- !u!114 &3949574790422446614
MonoBehaviour:
  m_ObjectHideFlags: 0
  m_CorrespondingSourceObject: {fileID: 0}
  m_PrefabInstance: {fileID: 0}
  m_PrefabAsset: {fileID: 0}
  m_GameObject: {fileID: 3949574791142655913}
  m_Enabled: 1
  m_EditorHideFlags: 0
  m_Script: {fileID: 11500000, guid: 31a466e1cd5ebd449a2fd16d8165c5a6, type: 3}
  m_Name: 
  m_EditorClassIdentifier: 
  enemy: {fileID: 0}
  thisEnemyCollider: {fileID: 0}
  bubbleShooter: {fileID: 0}
  controller: {fileID: 0}
  enemyTarget: {fileID: 0}
  fightSystem: {fileID: 0}
  healthPool: {fileID: 0}
  kaiwaWindow: {fileID: 0}
  laserHitEffectPool: {fileID: 0}
  rayDistance: 2
  Chase_speed: 0.2
  kyleSpeed: 0
  target: {fileID: 0}
  ChaseRange: 1
  nextChaseSpeed: 0
  SightRange: 10
  Rotationspeed: 0.2
  kyleRotation: 0
  rb: {fileID: 0}
  movementVec: {x: 0, y: 0, z: 0}
  dirToPlayer: {x: 0, y: 0, z: 0}
  isChase: 0
  float_nextChase: 0
  float_chaseRate: 0
  fallinBackTime: 0
  fallingBackWaitTime: 0
  inBackRange: 0
  isBack: 0
  backSpeed: 0
  backRang: 0
  backWaitTimer: 0
  backWaitTimeSetting: 0
  shootingToWalkingTimer: 0
  shootingToWalkingTimeSetting: 0
  attackToWalkingTimer: 0
  attackToWalkingTimeSetting: 0
  backWaitTimerMelle: 0
  backWaitTimeMelleSetting: 0
  backWaitTimerKyle: 0
  backWaitTimeKyleSetting: 0
  maxHp: 30000
  currentHp: 0
  isDead: 0
  deathTimer: 0
  C_Damage: 0
  onTriCount: 0
  float_Distance: 10
  float_checkInSight: 20
  float_SlowDownDistance: 0
  float_StopDistance: 0
  melleAttackD_Damage: 0
  melleAttack_Range: 0
  shoot_Damage: 0
  attackRate: 0
  nextAttack: 0
  bool_EnemyIsMoving: 0
  vec_EnemyCurrentVector: {x: 0, y: 0, z: 0}
  float_EnemyCurrentMoveForce: 0
  float_EnemyCurrentMoveSpeed: 0
  float_EnemyMaxSpeed: 0
  float_EnemyMaxRotateSpeed: 0
  float_EnemyTempRotateForce: 0
  bool_Attack: 0
  bool_EnemyHasRemoteAttackProperty: 1
  bool_RotateShootProperty: 0
  go_spiderTurret: {fileID: 0}
  go_spiderTurretEmitter: {fileID: 0}
  f_spiderTurretRotationSpeed: 1.5
  v_spiderAimingAngle: {x: 0, y: 0, z: 0}
  go_LaserParent: {fileID: 0}
  go_ChargeLaser: {fileID: 0}
  go_BeamLaser: {fileID: 0}
  go_SmokeAndSparks: {fileID: 0}
  go_EndLaser: {fileID: 0}
  go_LaserCollider: {fileID: 0}
  f_LaserTimer: 0
  f_LaserRechargeTimeSetting: 0
  f_LaserRechargeTimer: 0
  b_shootVisibleBubble: 0
  b_shootInvisibleBubble: 0
  b_laserColliderOn: 0
  f_LaserColliderShootSpeed: 0
  f_LaserColliderShootTimer: 0
  float_BubbleShootSpeed: 0.2
  float_FirstShootDelayTime: 3
  float_WaveShootTotalTime: 10
  float_WaveShootOverDelayTime: 5
  transArray_Emiiter:
  - {fileID: 0}
  - {fileID: 0}
  - {fileID: 0}
  - {fileID: 0}
  int_BubbleDamage: 0
  float_ShootingDistance: 0
  float_RotationSpeed: 0
  defenseShield: {fileID: 0}
  HaveShield: 0
  Shield: {fileID: 0}
  shieldOpen: 0
  shieldRadius: 0
  shieldPower: 0
  bool_EnemyHasMelleAttackProperty: 0
  bool_InAttackRange: 0
  float_LookRotationSpeed: 0
  float_AttackRange: 10
  float_FirstAttackCountDown: 0
  float_FirstAttackDelayTime: 0
  float_MelleAttackRate: 0
  float_NextMelleAttack: 0
  f_KyleCrazyHealthRate: 0
  f_KyleCrazyTimer: 0
  f_KyleCrazyTimeSetting: 0
  int_MelleAttack_Damage: 0
  MelleAttackAnim: []
  anim: {fileID: 0}
  takeDamage: 0
  machineDamage: 0
  bladeFuryDamage: 0
  isFallingBackDown: 0
  isStandUp: 0
  IsFirstTimeAttack: 0
  IsFirstTimeShoot: 1
  i_KyleStateNumber: 0
  i_LongLegStateNumber: 0
  i_SpiderStateNumber: 0
  i_LaserSpiderStateNumber: 0
  f_LBMoveSpeed: 0.08
  f_LBRotationSpeed: 0.8
  f_LBdirToPlayer: 0
  f_LBTimer: 0
  f_LBTimerTemporarySave: 0
  i_LBStatePattern: 0
  b_LBRotating: 0
  b_LBMoving: 0
  b_LBJumping: 0
  b_LBAttacking: 0
  v_LBVectorChase: {x: 0, y: 0, z: 0}
  rb_LBrb: {fileID: 0}
  f_LBAttackPrepareRange: 8
  f_LBMelleAttackRange1: 3
  f_LBMelleAttackRange2: 4
  f_LBDeciedAttackRange: 0
  f_LBShootAttackRange: 10
  i_LBMelleAttackPattern: 0
  i_LBShootAttackPattern: 0
  b_LBEmitterRotate: 1
  f_LBLeaveStateDistance: 0
  i_LBHowManyIdleTimesToShootBigBall: 3
  f_LastBossStartActionRange: 0
  v_LBJumpTeleport: {x: 0, y: 0, z: 0}
  go_LBUnderCircleParticle: {fileID: 0}
  go_LBEmitterHolder: {fileID: 0}
  go_LBAttackEmitterHolder: {fileID: 0}
  go_LBJumpShoot: []
  go_LBShootCircle: []
  go_LBShootKome: []
  go_LBShootStar: []
  go_LBShootTriangle: []
  go_LBShootBigBall: []
  go_LBShootBigBall2: []
  go_LBShootAttack1: []
  go_LBShootBigBallTernado: []
  go_LBJumpShock: {fileID: 0}
  f_NKTimer: 0
  f_NKSpeakRange: 0
  f_NKMoveSpeed: 0
  f_NKRotateSpeed: 0
  i_NKStateNumber: 0
  b_NKRotate: 0
  q_NKStartAngle: {x: 0, y: 0, z: 0, w: 0}
  b_NKMove: 0
  otherEnemies: []
  f_NKAttackRange: 0
  v_NKdirToTarget: {x: 0, y: 0, z: 0}
  v_NKmoveVector: {x: 0, y: 0, z: 0}
  go_NKTargetPosition: []
  v_NKAngleToTarget: {x: 0, y: 0, z: 0}
  i_NKTargetPositionIndex: 0
  b_talkingKyle: 0
  b_fightingKyle: 0
  f_DistanceOfAllEnemiesToNiceKyle: 0
  b_enemiesInNiceKyleAttackRange: 0
  go_nearestEnemyToNiceKyle: {fileID: 0}
  f_DistanceOfNearstEnemyToNiceKyle: 0
  niceKyles: []
  go_nearestNiceKyleToBadKyle: {fileID: 0}
  b_badKyleFindNiceKyle: 0
  f_DistanceOfNiceKyleToBadKyle: 0
  f_DistanceOfNearestNiceKyleToBadKyle: 0
  b_BadKyleHitByPlayer: 0
  lr_laserSpiderLaser: {fileID: 0}
  laserColliderPool: {fileID: 0}
  laserHitGroundEffectPool: {fileID: 0}
  f_laserHitGroundMakeEffectTime: 0.25
  i_KyleWallStateNumber: 0
  boss_data: {fileID: 0}
  boss_target: {fileID: 0}
--- !u!114 &3949574791142655914
MonoBehaviour:
  m_ObjectHideFlags: 0
  m_CorrespondingSourceObject: {fileID: 0}
  m_PrefabInstance: {fileID: 0}
  m_PrefabAsset: {fileID: 0}
  m_GameObject: {fileID: 3949574791142655913}
  m_Enabled: 1
  m_EditorHideFlags: 0
  m_Script: {fileID: 11500000, guid: 6d172560d33645d488c89b4a6e06ab8f, type: 3}
  m_Name: 
  m_EditorClassIdentifier: 
  attackBox_col: {fileID: 3949574791270694596}
  attackBox_col_L: {fileID: 0}
  attackBox_col_Foot: {fileID: 3949574790566553561}
  attackBox: {fileID: 0}
  enemyTarget: {fileID: 0}
--- !u!1 &3949574791142655915
GameObject:
  m_ObjectHideFlags: 0
  m_CorrespondingSourceObject: {fileID: 0}
  m_PrefabInstance: {fileID: 0}
  m_PrefabAsset: {fileID: 0}
  serializedVersion: 6
  m_Component:
  - component: {fileID: 3949574791142497163}
  m_Layer: 9
  m_Name: robotCOG
  m_TagString: Untagged
  m_Icon: {fileID: 0}
  m_NavMeshLayer: 0
  m_StaticEditorFlags: 0
  m_IsActive: 1
--- !u!4 &3949574791142497163
Transform:
  m_ObjectHideFlags: 0
  m_CorrespondingSourceObject: {fileID: 0}
  m_PrefabInstance: {fileID: 0}
  m_PrefabAsset: {fileID: 0}
  m_GameObject: {fileID: 3949574791142655915}
  m_LocalRotation: {x: -0.0020091168, y: 0.17773908, z: -0.01112303, w: 0.9840128}
  m_LocalPosition: {x: -0.17491484, y: 2.7010527, z: 0.08389437}
  m_LocalScale: {x: 1, y: 1, z: 1}
  m_Children:
  - {fileID: 3949574791142497155}
  - {fileID: 3949574791142497197}
  m_Father: {fileID: 3949574791142497161}
  m_RootOrder: 2
  m_LocalEulerAnglesHint: {x: 0, y: 0, z: 0}
--- !u!1 &3949574791142655917
GameObject:
  m_ObjectHideFlags: 0
  m_CorrespondingSourceObject: {fileID: 0}
  m_PrefabInstance: {fileID: 0}
  m_PrefabAsset: {fileID: 0}
  serializedVersion: 6
  m_Component:
  - component: {fileID: 3949574791142497165}
  m_Layer: 9
  m_Name: persp1Shape
  m_TagString: Untagged
  m_Icon: {fileID: 0}
  m_NavMeshLayer: 0
  m_StaticEditorFlags: 0
  m_IsActive: 1
--- !u!4 &3949574791142497165
Transform:
  m_ObjectHideFlags: 0
  m_CorrespondingSourceObject: {fileID: 0}
  m_PrefabInstance: {fileID: 0}
  m_PrefabAsset: {fileID: 0}
  m_GameObject: {fileID: 3949574791142655917}
  m_LocalRotation: {x: 0.9573857, y: 0.01991635, z: 0.2799592, w: -0.0681086}
  m_LocalPosition: {x: -3.7631135, y: 3.6285267, z: 9.217556}
  m_LocalScale: {x: 1, y: 1, z: 1}
  m_Children: []
  m_Father: {fileID: 3949574791142497161}
  m_RootOrder: 0
  m_LocalEulerAnglesHint: {x: 0, y: 0, z: 0}
--- !u!1 &3949574791142655919
GameObject:
  m_ObjectHideFlags: 0
  m_CorrespondingSourceObject: {fileID: 0}
  m_PrefabInstance: {fileID: 0}
  m_PrefabAsset: {fileID: 0}
  serializedVersion: 6
  m_Component:
  - component: {fileID: 3949574791142497167}
  m_Layer: 9
  m_Name: perspShape
  m_TagString: Untagged
  m_Icon: {fileID: 0}
  m_NavMeshLayer: 0
  m_StaticEditorFlags: 0
  m_IsActive: 1
--- !u!4 &3949574791142497167
Transform:
  m_ObjectHideFlags: 0
  m_CorrespondingSourceObject: {fileID: 0}
  m_PrefabInstance: {fileID: 0}
  m_PrefabAsset: {fileID: 0}
  m_GameObject: {fileID: 3949574791142655919}
  m_LocalRotation: {x: 0.9643895, y: 0.004923744, z: 0.26382712, w: -0.017998178}
  m_LocalPosition: {x: -5.5746746, y: 2.7727203, z: 8.418707}
  m_LocalScale: {x: 1, y: 1, z: 1}
  m_Children: []
  m_Father: {fileID: 3949574791142497161}
  m_RootOrder: 1
  m_LocalEulerAnglesHint: {x: 0, y: 0, z: 0}
--- !u!1 &3949574791142655921
GameObject:
  m_ObjectHideFlags: 0
  m_CorrespondingSourceObject: {fileID: 0}
  m_PrefabInstance: {fileID: 0}
  m_PrefabAsset: {fileID: 0}
  serializedVersion: 6
  m_Component:
  - component: {fileID: 3949574791142497169}
  m_Layer: 9
  m_Name: robotmeshShape 1
  m_TagString: Untagged
  m_Icon: {fileID: 0}
  m_NavMeshLayer: 0
  m_StaticEditorFlags: 0
  m_IsActive: 1
--- !u!4 &3949574791142497169
Transform:
  m_ObjectHideFlags: 0
  m_CorrespondingSourceObject: {fileID: 0}
  m_PrefabInstance: {fileID: 0}
  m_PrefabAsset: {fileID: 0}
  m_GameObject: {fileID: 3949574791142655921}
  m_LocalRotation: {x: 0, y: -0, z: -0, w: 1}
  m_LocalPosition: {x: -0, y: 0, z: 0}
  m_LocalScale: {x: 1, y: 1, z: 1}
  m_Children: []
  m_Father: {fileID: 3949574791142497173}
  m_RootOrder: 0
  m_LocalEulerAnglesHint: {x: 0, y: 0, z: 0}
--- !u!1 &3949574791142655923
GameObject:
  m_ObjectHideFlags: 0
  m_CorrespondingSourceObject: {fileID: 0}
  m_PrefabInstance: {fileID: 0}
  m_PrefabAsset: {fileID: 0}
  serializedVersion: 6
  m_Component:
  - component: {fileID: 3949574791142497171}
  m_Layer: 9
  m_Name: shdr_lf_jnt
  m_TagString: Untagged
  m_Icon: {fileID: 0}
  m_NavMeshLayer: 0
  m_StaticEditorFlags: 0
  m_IsActive: 1
--- !u!4 &3949574791142497171
Transform:
  m_ObjectHideFlags: 0
  m_CorrespondingSourceObject: {fileID: 0}
  m_PrefabInstance: {fileID: 0}
  m_PrefabAsset: {fileID: 0}
  m_GameObject: {fileID: 3949574791142655923}
  m_LocalRotation: {x: -0.18830582, y: 0.95995146, z: 0.19865045, w: -0.059766922}
  m_LocalPosition: {x: -0.38683075, y: 0.62985796, z: 0.34534284}
  m_LocalScale: {x: 1, y: 1, z: 1}
  m_Children:
  - {fileID: 3949574791142497217}
  - {fileID: 3949574791142497229}
  - {fileID: 3949574791142497237}
  m_Father: {fileID: 3949574791142497233}
  m_RootOrder: 1
  m_LocalEulerAnglesHint: {x: 0, y: 0, z: 0}
--- !u!1 &3949574791142655925
GameObject:
  m_ObjectHideFlags: 0
  m_CorrespondingSourceObject: {fileID: 0}
  m_PrefabInstance: {fileID: 0}
  m_PrefabAsset: {fileID: 0}
  serializedVersion: 6
  m_Component:
  - component: {fileID: 3949574791142497173}
  m_Layer: 9
  m_Name: robotmesh
  m_TagString: Untagged
  m_Icon: {fileID: 0}
  m_NavMeshLayer: 0
  m_StaticEditorFlags: 0
  m_IsActive: 1
--- !u!4 &3949574791142497173
Transform:
  m_ObjectHideFlags: 0
  m_CorrespondingSourceObject: {fileID: 0}
  m_PrefabInstance: {fileID: 0}
  m_PrefabAsset: {fileID: 0}
  m_GameObject: {fileID: 3949574791142655925}
  m_LocalRotation: {x: 0, y: -0, z: -0, w: 1}
  m_LocalPosition: {x: -0.17500687, y: 0, z: 0.084785104}
  m_LocalScale: {x: 1, y: 1, z: 1}
  m_Children:
  - {fileID: 3949574791142497169}
  m_Father: {fileID: 3949574791142497161}
  m_RootOrder: 3
  m_LocalEulerAnglesHint: {x: 0, y: 0, z: 0}
--- !u!1 &3949574791142655927
GameObject:
  m_ObjectHideFlags: 0
  m_CorrespondingSourceObject: {fileID: 0}
  m_PrefabInstance: {fileID: 0}
  m_PrefabAsset: {fileID: 0}
  serializedVersion: 6
  m_Component:
  - component: {fileID: 3949574791142497175}
  - component: {fileID: 3949574791131155173}
  m_Layer: 9
  m_Name: robotmeshShape
  m_TagString: Untagged
  m_Icon: {fileID: 0}
  m_NavMeshLayer: 0
  m_StaticEditorFlags: 0
  m_IsActive: 1
--- !u!4 &3949574791142497175
Transform:
  m_ObjectHideFlags: 0
  m_CorrespondingSourceObject: {fileID: 0}
  m_PrefabInstance: {fileID: 0}
  m_PrefabAsset: {fileID: 0}
  m_GameObject: {fileID: 3949574791142655927}
  m_LocalRotation: {x: 0, y: -0, z: -0, w: 1}
  m_LocalPosition: {x: 23.1, y: -0.142, z: 15.9}
  m_LocalScale: {x: 1, y: 1, z: 1}
  m_Children: []
  m_Father: {fileID: 3949574791142497161}
  m_RootOrder: 4
  m_LocalEulerAnglesHint: {x: 0, y: 0, z: 0}
--- !u!137 &3949574791131155173
SkinnedMeshRenderer:
  m_ObjectHideFlags: 0
  m_CorrespondingSourceObject: {fileID: 0}
  m_PrefabInstance: {fileID: 0}
  m_PrefabAsset: {fileID: 0}
  m_GameObject: {fileID: 3949574791142655927}
  m_Enabled: 1
  m_CastShadows: 1
  m_ReceiveShadows: 1
  m_DynamicOccludee: 1
  m_MotionVectors: 1
  m_LightProbeUsage: 1
  m_ReflectionProbeUsage: 1
  m_RenderingLayerMask: 1
  m_RendererPriority: 0
  m_Materials:
  - {fileID: 2100000, guid: 03b031197e6777d46a85bda38894c433, type: 2}
  m_StaticBatchInfo:
    firstSubMesh: 0
    subMeshCount: 0
  m_StaticBatchRoot: {fileID: 0}
  m_ProbeAnchor: {fileID: 0}
  m_LightProbeVolumeOverride: {fileID: 0}
  m_ScaleInLightmap: 1
  m_PreserveUVs: 0
  m_IgnoreNormalsForChartDetection: 0
  m_ImportantGI: 0
  m_StitchLightmapSeams: 0
  m_SelectedEditorRenderState: 3
  m_MinimumChartSize: 4
  m_AutoUVMaxDistance: 0.5
  m_AutoUVMaxAngle: 89
  m_LightmapParameters: {fileID: 0}
  m_SortingLayerID: 0
  m_SortingLayer: 0
  m_SortingOrder: 0
  serializedVersion: 2
  m_Quality: 0
  m_UpdateWhenOffscreen: 0
  m_SkinnedMotionVectors: 1
  m_Mesh: {fileID: 4300000, guid: 43ea06131072b5c4ba172203a64e4bcb, type: 3}
  m_Bones:
  - {fileID: 3949574791142497197}
  - {fileID: 3949574791142497155}
  - {fileID: 3949574791142497233}
  - {fileID: 3949574791142497263}
  - {fileID: 3949574791142497257}
  - {fileID: 3949574791142497181}
  - {fileID: 3949574791142497171}
  - {fileID: 3949574791142497179}
  - {fileID: 3949574791142497191}
  - {fileID: 3949574791142497183}
  - {fileID: 3949574791142497189}
  - {fileID: 3949574791142497185}
  - {fileID: 3949574791142497177}
  - {fileID: 3949574791142497249}
  - {fileID: 3949574791142497259}
  - {fileID: 3949574791142497275}
  - {fileID: 3949574791142497269}
  - {fileID: 3949574791142497239}
  - {fileID: 3949574791142497219}
  - {fileID: 3949574791142497231}
  - {fileID: 3949574791142497237}
  - {fileID: 3949574791142497229}
  - {fileID: 3949574791142497217}
  - {fileID: 3949574791142497271}
  - {fileID: 3949574791142497273}
  - {fileID: 3949574791142497265}
  - {fileID: 3949574791142497159}
  - {fileID: 3949574791142497245}
  - {fileID: 3949574791142497235}
  - {fileID: 3949574791142497221}
  - {fileID: 3949574791142497267}
  - {fileID: 3949574791142497279}
  - {fileID: 3949574791142497223}
  - {fileID: 3949574791142497277}
  - {fileID: 3949574791142497157}
  - {fileID: 3949574791142497241}
  - {fileID: 3949574791142497199}
  - {fileID: 3949574791142497247}
  - {fileID: 3949574791142497225}
  - {fileID: 3949574791142497251}
  - {fileID: 3949574791142497261}
  - {fileID: 3949574791142497227}
  - {fileID: 3949574791142497193}
  - {fileID: 3949574791142497187}
  - {fileID: 3949574791142497243}
  - {fileID: 3949574791142497253}
  - {fileID: 3949574791142497255}
  m_BlendShapeWeights: []
  m_RootBone: {fileID: 3949574791142497197}
  m_AABB:
    m_Center: {x: 0.828347, y: -0.22907591, z: 0.06529647}
    m_Extent: {x: 1.9694257, y: 1.6768873, z: 1.0432162}
  m_DirtyAABB: 0
--- !u!1 &3949574791142655929
GameObject:
  m_ObjectHideFlags: 0
  m_CorrespondingSourceObject: {fileID: 0}
  m_PrefabInstance: {fileID: 0}
  m_PrefabAsset: {fileID: 0}
  serializedVersion: 6
  m_Component:
  - component: {fileID: 3949574791142497177}
  m_Layer: 9
  m_Name: shdrpistonA_rt_up_aim_jnt
  m_TagString: Untagged
  m_Icon: {fileID: 0}
  m_NavMeshLayer: 0
  m_StaticEditorFlags: 0
  m_IsActive: 1
--- !u!4 &3949574791142497177
Transform:
  m_ObjectHideFlags: 0
  m_CorrespondingSourceObject: {fileID: 0}
  m_PrefabInstance: {fileID: 0}
  m_PrefabAsset: {fileID: 0}
  m_GameObject: {fileID: 3949574791142655929}
  m_LocalRotation: {x: 0.069824666, y: 0.073281825, z: 0.8658832, w: -0.4898987}
  m_LocalPosition: {x: -0.34435278, y: -0.13278499, z: -0.029241597}
  m_LocalScale: {x: 1, y: 1, z: 1}
  m_Children: []
  m_Father: {fileID: 3949574791142497233}
  m_RootOrder: 4
  m_LocalEulerAnglesHint: {x: 0, y: 0, z: 0}
--- !u!1 &3949574791142655931
GameObject:
  m_ObjectHideFlags: 0
  m_CorrespondingSourceObject: {fileID: 0}
  m_PrefabInstance: {fileID: 0}
  m_PrefabAsset: {fileID: 0}
  serializedVersion: 6
  m_Component:
  - component: {fileID: 3949574791142497179}
  m_Layer: 9
  m_Name: shdrpistonB_lf_up_aim_jnt
  m_TagString: Untagged
  m_Icon: {fileID: 0}
  m_NavMeshLayer: 0
  m_StaticEditorFlags: 0
  m_IsActive: 1
--- !u!4 &3949574791142497179
Transform:
  m_ObjectHideFlags: 0
  m_CorrespondingSourceObject: {fileID: 0}
  m_PrefabInstance: {fileID: 0}
  m_PrefabAsset: {fileID: 0}
  m_GameObject: {fileID: 3949574791142655931}
  m_LocalRotation: {x: 0.76470757, y: -0.5353212, z: -0.3363588, w: -0.12456451}
  m_LocalPosition: {x: -0.11628991, y: 0.13399504, z: -0.09759915}
  m_LocalScale: {x: 1, y: 1, z: 1}
  m_Children: []
  m_Father: {fileID: 3949574791142497233}
  m_RootOrder: 5
  m_LocalEulerAnglesHint: {x: 0, y: 0, z: 0}
--- !u!1 &3949574791142655933
GameObject:
  m_ObjectHideFlags: 0
  m_CorrespondingSourceObject: {fileID: 0}
  m_PrefabInstance: {fileID: 0}
  m_PrefabAsset: {fileID: 0}
  serializedVersion: 6
  m_Component:
  - component: {fileID: 3949574791142497181}
  m_Layer: 9
  m_Name: shdr_rt_jnt
  m_TagString: Untagged
  m_Icon: {fileID: 0}
  m_NavMeshLayer: 0
  m_StaticEditorFlags: 0
  m_IsActive: 1
--- !u!4 &3949574791142497181
Transform:
  m_ObjectHideFlags: 0
  m_CorrespondingSourceObject: {fileID: 0}
  m_PrefabInstance: {fileID: 0}
  m_PrefabAsset: {fileID: 0}
  m_GameObject: {fileID: 3949574791142655933}
  m_LocalRotation: {x: -0.20926069, y: 0.08993391, z: -0.27303723, w: 0.934651}
  m_LocalPosition: {x: -0.5450448, y: -0.59257823, z: 0.09745384}
  m_LocalScale: {x: 1, y: 1, z: 1}
  m_Children:
  - {fileID: 3949574791142497219}
  - {fileID: 3949574791142497231}
  - {fileID: 3949574791142497239}
  m_Father: {fileID: 3949574791142497233}
  m_RootOrder: 2
  m_LocalEulerAnglesHint: {x: 0, y: 0, z: 0}
--- !u!1 &3949574791142655935
GameObject:
  m_ObjectHideFlags: 0
  m_CorrespondingSourceObject: {fileID: 0}
  m_PrefabInstance: {fileID: 0}
  m_PrefabAsset: {fileID: 0}
  serializedVersion: 6
  m_Component:
  - component: {fileID: 3949574791142497183}
  m_Layer: 9
  m_Name: shdrpistonA_lf_up_aim_jnt
  m_TagString: Untagged
  m_Icon: {fileID: 0}
  m_NavMeshLayer: 0
  m_StaticEditorFlags: 0
  m_IsActive: 1
--- !u!4 &3949574791142497183
Transform:
  m_ObjectHideFlags: 0
  m_CorrespondingSourceObject: {fileID: 0}
  m_PrefabInstance: {fileID: 0}
  m_PrefabAsset: {fileID: 0}
  m_GameObject: {fileID: 3949574791142655935}
  m_LocalRotation: {x: 0.7255211, y: -0.5872006, z: -0.30317217, w: -0.19209707}
  m_LocalPosition: {x: -0.34435517, y: 0.13278507, z: -0.029241597}
  m_LocalScale: {x: 1, y: 1, z: 1}
  m_Children: []
  m_Father: {fileID: 3949574791142497233}
  m_RootOrder: 3
  m_LocalEulerAnglesHint: {x: 0, y: 0, z: 0}
--- !u!1 &3949574791142655969
GameObject:
  m_ObjectHideFlags: 0
  m_CorrespondingSourceObject: {fileID: 0}
  m_PrefabInstance: {fileID: 0}
  m_PrefabAsset: {fileID: 0}
  serializedVersion: 6
  m_Component:
  - component: {fileID: 3949574791142497217}
  m_Layer: 9
  m_Name: armpistonA_lf_up_aim_jnt
  m_TagString: Untagged
  m_Icon: {fileID: 0}
  m_NavMeshLayer: 0
  m_StaticEditorFlags: 0
  m_IsActive: 1
--- !u!4 &3949574791142497217
Transform:
  m_ObjectHideFlags: 0
  m_CorrespondingSourceObject: {fileID: 0}
  m_PrefabInstance: {fileID: 0}
  m_PrefabAsset: {fileID: 0}
  m_GameObject: {fileID: 3949574791142655969}
  m_LocalRotation: {x: 0.000107928725, y: -0.054254804, z: 0.0019863462, w: 0.9985252}
  m_LocalPosition: {x: -0.14228185, y: -0.04582104, z: -0.16216668}
  m_LocalScale: {x: 1, y: 1, z: 1}
  m_Children: []
  m_Father: {fileID: 3949574791142497171}
  m_RootOrder: 0
  m_LocalEulerAnglesHint: {x: 0, y: 0, z: 0}
--- !u!1 &3949574791142655971
GameObject:
  m_ObjectHideFlags: 0
  m_CorrespondingSourceObject: {fileID: 0}
  m_PrefabInstance: {fileID: 0}
  m_PrefabAsset: {fileID: 0}
  serializedVersion: 6
  m_Component:
  - component: {fileID: 3949574791142497219}
  m_Layer: 9
  m_Name: armpistonA_rt_up_aim_jnt
  m_TagString: Untagged
  m_Icon: {fileID: 0}
  m_NavMeshLayer: 0
  m_StaticEditorFlags: 0
  m_IsActive: 1
--- !u!4 &3949574791142497219
Transform:
  m_ObjectHideFlags: 0
  m_CorrespondingSourceObject: {fileID: 0}
  m_PrefabInstance: {fileID: 0}
  m_PrefabAsset: {fileID: 0}
  m_GameObject: {fileID: 3949574791142655971}
  m_LocalRotation: {x: -0.6997993, y: -0.04008969, z: -0.036609504, w: 0.7122735}
  m_LocalPosition: {x: 0.14228734, y: 0.045823544, z: 0.16216736}
  m_LocalScale: {x: 1, y: 1, z: 1}
  m_Children: []
  m_Father: {fileID: 3949574791142497181}
  m_RootOrder: 0
  m_LocalEulerAnglesHint: {x: 0, y: 0, z: 0}
--- !u!1 &3949574791142655973
GameObject:
  m_ObjectHideFlags: 0
  m_CorrespondingSourceObject: {fileID: 0}
  m_PrefabInstance: {fileID: 0}
  m_PrefabAsset: {fileID: 0}
  serializedVersion: 6
  m_Component:
  - component: {fileID: 3949574791142497221}
  m_Layer: 9
  m_Name: ankle_lf_jnt
  m_TagString: Untagged
  m_Icon: {fileID: 0}
  m_NavMeshLayer: 0
  m_StaticEditorFlags: 0
  m_IsActive: 1
--- !u!4 &3949574791142497221
Transform:
  m_ObjectHideFlags: 0
  m_CorrespondingSourceObject: {fileID: 0}
  m_PrefabInstance: {fileID: 0}
  m_PrefabAsset: {fileID: 0}
  m_GameObject: {fileID: 3949574791142655973}
  m_LocalRotation: {x: -0.08542461, y: -0.14941154, z: 0.06234249, w: 0.9831034}
  m_LocalPosition: {x: -1.5254564, y: -1.2084778e-13, z: 8.3266727e-16}
  m_LocalScale: {x: 1, y: 1, z: 1}
  m_Children:
  - {fileID: 3949574791142497225}
  - {fileID: 3949574791142497251}
  m_Father: {fileID: 3949574791142497271}
  m_RootOrder: 0
  m_LocalEulerAnglesHint: {x: 0, y: 0, z: 0}
--- !u!1 &3949574791142655975
GameObject:
  m_ObjectHideFlags: 0
  m_CorrespondingSourceObject: {fileID: 0}
  m_PrefabInstance: {fileID: 0}
  m_PrefabAsset: {fileID: 0}
  serializedVersion: 6
  m_Component:
  - component: {fileID: 3949574791142497223}
  m_Layer: 9
  m_Name: ankle_rt_jnt
  m_TagString: Untagged
  m_Icon: {fileID: 0}
  m_NavMeshLayer: 0
  m_StaticEditorFlags: 0
  m_IsActive: 1
--- !u!4 &3949574791142497223
Transform:
  m_ObjectHideFlags: 0
  m_CorrespondingSourceObject: {fileID: 0}
  m_PrefabInstance: {fileID: 0}
  m_PrefabAsset: {fileID: 0}
  m_GameObject: {fileID: 3949574791142655975}
  m_LocalRotation: {x: -0.15089028, y: 0.026239848, z: 0.15788108, w: 0.9755087}
  m_LocalPosition: {x: 1.5254543, y: 0.0000005630917, z: -0.00000056789764}
  m_LocalScale: {x: 1, y: 1, z: 1}
  m_Children:
  - {fileID: 3949574791142497227}
  - {fileID: 3949574791142497261}
  - {fileID: 3949574790566553560}
  m_Father: {fileID: 3949574791142497265}
  m_RootOrder: 0
  m_LocalEulerAnglesHint: {x: 0, y: 0, z: 0}
--- !u!1 &3949574791142655977
GameObject:
  m_ObjectHideFlags: 0
  m_CorrespondingSourceObject: {fileID: 0}
  m_PrefabInstance: {fileID: 0}
  m_PrefabAsset: {fileID: 0}
  serializedVersion: 6
  m_Component:
  - component: {fileID: 3949574791142497225}
  m_Layer: 9
  m_Name: ball_lf_jnt
  m_TagString: Untagged
  m_Icon: {fileID: 0}
  m_NavMeshLayer: 0
  m_StaticEditorFlags: 0
  m_IsActive: 1
--- !u!4 &3949574791142497225
Transform:
  m_ObjectHideFlags: 0
  m_CorrespondingSourceObject: {fileID: 0}
  m_PrefabInstance: {fileID: 0}
  m_PrefabAsset: {fileID: 0}
  m_GameObject: {fileID: 3949574791142655977}
  m_LocalRotation: {x: -0.0000145531685, y: 0.61842537, z: -0.000009337874, w: 0.78584355}
  m_LocalPosition: {x: -0.17423725, y: 0.000007255297, z: 0.22741786}
  m_LocalScale: {x: 1, y: 1, z: 1}
  m_Children: []
  m_Father: {fileID: 3949574791142497221}
  m_RootOrder: 0
  m_LocalEulerAnglesHint: {x: 0, y: 0, z: 0}
--- !u!1 &3949574791142655979
GameObject:
  m_ObjectHideFlags: 0
  m_CorrespondingSourceObject: {fileID: 0}
  m_PrefabInstance: {fileID: 0}
  m_PrefabAsset: {fileID: 0}
  serializedVersion: 6
  m_Component:
  - component: {fileID: 3949574791142497227}
  m_Layer: 9
  m_Name: ball_rt_jnt
  m_TagString: Untagged
  m_Icon: {fileID: 0}
  m_NavMeshLayer: 0
  m_StaticEditorFlags: 0
  m_IsActive: 1
--- !u!4 &3949574791142497227
Transform:
  m_ObjectHideFlags: 0
  m_CorrespondingSourceObject: {fileID: 0}
  m_PrefabInstance: {fileID: 0}
  m_PrefabAsset: {fileID: 0}
  m_GameObject: {fileID: 3949574791142655979}
  m_LocalRotation: {x: -0.000014532684, y: 0.61842537, z: -0.000009354824, w: 0.78584355}
  m_LocalPosition: {x: 0.17423706, y: -0.0000072553084, z: -0.22741812}
  m_LocalScale: {x: 1, y: 1, z: 1}
  m_Children: []
  m_Father: {fileID: 3949574791142497223}
  m_RootOrder: 0
  m_LocalEulerAnglesHint: {x: 0, y: 0, z: 0}
--- !u!1 &3949574791142655981
GameObject:
  m_ObjectHideFlags: 0
  m_CorrespondingSourceObject: {fileID: 0}
  m_PrefabInstance: {fileID: 0}
  m_PrefabAsset: {fileID: 0}
  serializedVersion: 6
  m_Component:
  - component: {fileID: 3949574791142497229}
  m_Layer: 9
  m_Name: armpistonB_lf_up_aim_jnt
  m_TagString: Untagged
  m_Icon: {fileID: 0}
  m_NavMeshLayer: 0
  m_StaticEditorFlags: 0
  m_IsActive: 1
--- !u!4 &3949574791142497229
Transform:
  m_ObjectHideFlags: 0
  m_CorrespondingSourceObject: {fileID: 0}
  m_PrefabInstance: {fileID: 0}
  m_PrefabAsset: {fileID: 0}
  m_GameObject: {fileID: 3949574791142655981}
  m_LocalRotation: {x: 0.0001079287, y: -0.054254804, z: 0.0019863595, w: 0.9985252}
  m_LocalPosition: {x: -0.14265637, y: 0.048316542, z: -0.16216668}
  m_LocalScale: {x: 1, y: 1, z: 1}
  m_Children: []
  m_Father: {fileID: 3949574791142497171}
  m_RootOrder: 1
  m_LocalEulerAnglesHint: {x: 0, y: 0, z: 0}
--- !u!1 &3949574791142655983
GameObject:
  m_ObjectHideFlags: 0
  m_CorrespondingSourceObject: {fileID: 0}
  m_PrefabInstance: {fileID: 0}
  m_PrefabAsset: {fileID: 0}
  serializedVersion: 6
  m_Component:
  - component: {fileID: 3949574791142497231}
  m_Layer: 9
  m_Name: armpistonB_rt_up_aim_jnt
  m_TagString: Untagged
  m_Icon: {fileID: 0}
  m_NavMeshLayer: 0
  m_StaticEditorFlags: 0
  m_IsActive: 1
--- !u!4 &3949574791142497231
Transform:
  m_ObjectHideFlags: 0
  m_CorrespondingSourceObject: {fileID: 0}
  m_PrefabInstance: {fileID: 0}
  m_PrefabAsset: {fileID: 0}
  m_GameObject: {fileID: 3949574791142655983}
  m_LocalRotation: {x: -0.69979733, y: -0.04008971, z: -0.03661085, w: 0.71227545}
  m_LocalPosition: {x: 0.14266403, y: -0.048312094, z: 0.16216697}
  m_LocalScale: {x: 1, y: 1, z: 1}
  m_Children: []
  m_Father: {fileID: 3949574791142497181}
  m_RootOrder: 1
  m_LocalEulerAnglesHint: {x: 0, y: 0, z: 0}
--- !u!1 &3949574791142655985
GameObject:
  m_ObjectHideFlags: 0
  m_CorrespondingSourceObject: {fileID: 0}
  m_PrefabInstance: {fileID: 0}
  m_PrefabAsset: {fileID: 0}
  serializedVersion: 6
  m_Component:
  - component: {fileID: 3949574791142497233}
  m_Layer: 9
  m_Name: body_jnt
  m_TagString: Untagged
  m_Icon: {fileID: 0}
  m_NavMeshLayer: 0
  m_StaticEditorFlags: 0
  m_IsActive: 1
--- !u!4 &3949574791142497233
Transform:
  m_ObjectHideFlags: 0
  m_CorrespondingSourceObject: {fileID: 0}
  m_PrefabInstance: {fileID: 0}
  m_PrefabAsset: {fileID: 0}
  m_GameObject: {fileID: 3949574791142655985}
  m_LocalRotation: {x: 0, y: 0, z: -0, w: 1}
  m_LocalPosition: {x: -0.16763182, y: -3.7889114e-17, z: 0.03157704}
  m_LocalScale: {x: 1, y: 1, z: 1}
  m_Children:
  - {fileID: 3949574791142497249}
  - {fileID: 3949574791142497171}
  - {fileID: 3949574791142497181}
  - {fileID: 3949574791142497183}
  - {fileID: 3949574791142497177}
  - {fileID: 3949574791142497179}
  - {fileID: 3949574791142497189}
  - {fileID: 3949574791142497191}
  - {fileID: 3949574791142497185}
  m_Father: {fileID: 3949574791142497197}
  m_RootOrder: 0
  m_LocalEulerAnglesHint: {x: 0, y: 0, z: 0}
--- !u!1 &3949574791142655987
GameObject:
  m_ObjectHideFlags: 0
  m_CorrespondingSourceObject: {fileID: 0}
  m_PrefabInstance: {fileID: 0}
  m_PrefabAsset: {fileID: 0}
  serializedVersion: 6
  m_Component:
  - component: {fileID: 3949574791142497235}
  m_Layer: 9
  m_Name: elbow_lf_jnt
  m_TagString: Untagged
  m_Icon: {fileID: 0}
  m_NavMeshLayer: 0
  m_StaticEditorFlags: 0
  m_IsActive: 1
--- !u!4 &3949574791142497235
Transform:
  m_ObjectHideFlags: 0
  m_CorrespondingSourceObject: {fileID: 0}
  m_PrefabInstance: {fileID: 0}
  m_PrefabAsset: {fileID: 0}
  m_GameObject: {fileID: 3949574791142655987}
  m_LocalRotation: {x: -0.03689715, y: 0.27762142, z: -0.008598557, w: 0.95994323}
  m_LocalPosition: {x: -0.58629644, y: -0.0018357222, z: 0.0066431733}
  m_LocalScale: {x: 1, y: 1, z: 1}
  m_Children:
  - {fileID: 3949574791142497247}
  - {fileID: 3949574791142497199}
  m_Father: {fileID: 3949574791142497237}
  m_RootOrder: 0
  m_LocalEulerAnglesHint: {x: 0, y: 0, z: 0}
--- !u!1 &3949574791142655989
GameObject:
  m_ObjectHideFlags: 0
  m_CorrespondingSourceObject: {fileID: 0}
  m_PrefabInstance: {fileID: 0}
  m_PrefabAsset: {fileID: 0}
  serializedVersion: 6
  m_Component:
  - component: {fileID: 3949574791142497237}
  m_Layer: 9
  m_Name: bicep_lf_jnt
  m_TagString: Untagged
  m_Icon: {fileID: 0}
  m_NavMeshLayer: 0
  m_StaticEditorFlags: 0
  m_IsActive: 1
--- !u!4 &3949574791142497237
Transform:
  m_ObjectHideFlags: 0
  m_CorrespondingSourceObject: {fileID: 0}
  m_PrefabInstance: {fileID: 0}
  m_PrefabAsset: {fileID: 0}
  m_GameObject: {fileID: 3949574791142655989}
  m_LocalRotation: {x: 0.03783372, y: 0, z: -0, w: 0.999284}
  m_LocalPosition: {x: -0.14329828, y: 0.0023327789, z: -0.0064853504}
  m_LocalScale: {x: 1, y: 1, z: 1}
  m_Children:
  - {fileID: 3949574791142497235}
  m_Father: {fileID: 3949574791142497171}
  m_RootOrder: 2
  m_LocalEulerAnglesHint: {x: 0, y: 0, z: 0}
--- !u!1 &3949574791142655991
GameObject:
  m_ObjectHideFlags: 0
  m_CorrespondingSourceObject: {fileID: 0}
  m_PrefabInstance: {fileID: 0}
  m_PrefabAsset: {fileID: 0}
  serializedVersion: 6
  m_Component:
  - component: {fileID: 3949574791142497239}
  m_Layer: 9
  m_Name: bicep_rt_jnt
  m_TagString: Untagged
  m_Icon: {fileID: 0}
  m_NavMeshLayer: 0
  m_StaticEditorFlags: 0
  m_IsActive: 1
--- !u!4 &3949574791142497239
Transform:
  m_ObjectHideFlags: 0
  m_CorrespondingSourceObject: {fileID: 0}
  m_PrefabInstance: {fileID: 0}
  m_PrefabAsset: {fileID: 0}
  m_GameObject: {fileID: 3949574791142655991}
  m_LocalRotation: {x: 0.03783372, y: 0, z: -0, w: 0.999284}
  m_LocalPosition: {x: 0.14330333, y: -0.0023293113, z: 0.0064857164}
  m_LocalScale: {x: 1, y: 1, z: 1}
  m_Children:
  - {fileID: 3949574791142497245}
  m_Father: {fileID: 3949574791142497181}
  m_RootOrder: 2
  m_LocalEulerAnglesHint: {x: 0, y: 0, z: 0}
--- !u!1 &3949574791142655993
GameObject:
  m_ObjectHideFlags: 0
  m_CorrespondingSourceObject: {fileID: 0}
  m_PrefabInstance: {fileID: 0}
  m_PrefabAsset: {fileID: 0}
  serializedVersion: 6
  m_Component:
  - component: {fileID: 3949574791142497241}
  m_Layer: 9
  m_Name: elbowext_rt_jnt
  m_TagString: Untagged
  m_Icon: {fileID: 0}
  m_NavMeshLayer: 0
  m_StaticEditorFlags: 0
  m_IsActive: 1
--- !u!4 &3949574791142497241
Transform:
  m_ObjectHideFlags: 0
  m_CorrespondingSourceObject: {fileID: 0}
  m_PrefabInstance: {fileID: 0}
  m_PrefabAsset: {fileID: 0}
  m_GameObject: {fileID: 3949574791142655993}
  m_LocalRotation: {x: 0.48372322, y: 0.5157635, z: 0.5157611, w: -0.48372555}
  m_LocalPosition: {x: -0.08275787, y: -0.00000043186418, z: 0.05726116}
  m_LocalScale: {x: 1, y: 1, z: 1}
  m_Children:
  - {fileID: 3949574791270694595}
  m_Father: {fileID: 3949574791142497245}
  m_RootOrder: 0
  m_LocalEulerAnglesHint: {x: 0, y: 0, z: 0}
--- !u!1 &3949574791142655995
GameObject:
  m_ObjectHideFlags: 0
  m_CorrespondingSourceObject: {fileID: 0}
  m_PrefabInstance: {fileID: 0}
  m_PrefabAsset: {fileID: 0}
  serializedVersion: 6
  m_Component:
  - component: {fileID: 3949574791142497243}
  m_Layer: 9
  m_Name: fingerA1_lf_jnt
  m_TagString: Untagged
  m_Icon: {fileID: 0}
  m_NavMeshLayer: 0
  m_StaticEditorFlags: 0
  m_IsActive: 1
--- !u!4 &3949574791142497243
Transform:
  m_ObjectHideFlags: 0
  m_CorrespondingSourceObject: {fileID: 0}
  m_PrefabInstance: {fileID: 0}
  m_PrefabAsset: {fileID: 0}
  m_GameObject: {fileID: 3949574791142655995}
  m_LocalRotation: {x: 0.026969623, y: 0.008075659, z: 0.030834226, w: 0.999128}
  m_LocalPosition: {x: -0.09768714, y: -0.07730282, z: 0.0020468254}
  m_LocalScale: {x: 1, y: 1, z: 1}
  m_Children: []
  m_Father: {fileID: 3949574791142497193}
  m_RootOrder: 0
  m_LocalEulerAnglesHint: {x: 0, y: 0, z: 0}
--- !u!1 &3949574791142655997
GameObject:
  m_ObjectHideFlags: 0
  m_CorrespondingSourceObject: {fileID: 0}
  m_PrefabInstance: {fileID: 0}
  m_PrefabAsset: {fileID: 0}
  serializedVersion: 6
  m_Component:
  - component: {fileID: 3949574791142497245}
  m_Layer: 9
  m_Name: elbow_rt_jnt
  m_TagString: Untagged
  m_Icon: {fileID: 0}
  m_NavMeshLayer: 0
  m_StaticEditorFlags: 0
  m_IsActive: 1
--- !u!4 &3949574791142497245
Transform:
  m_ObjectHideFlags: 0
  m_CorrespondingSourceObject: {fileID: 0}
  m_PrefabInstance: {fileID: 0}
  m_PrefabAsset: {fileID: 0}
  m_GameObject: {fileID: 3949574791142655997}
  m_LocalRotation: {x: -0.03689715, y: 0.27762142, z: -0.008598557, w: 0.95994323}
  m_LocalPosition: {x: 0.5863003, y: 0.0018367929, z: -0.006643214}
  m_LocalScale: {x: 1, y: 1, z: 1}
  m_Children:
  - {fileID: 3949574791142497241}
  m_Father: {fileID: 3949574791142497239}
  m_RootOrder: 0
  m_LocalEulerAnglesHint: {x: 0, y: 0, z: 0}
--- !u!1 &3949574791142655999
GameObject:
  m_ObjectHideFlags: 0
  m_CorrespondingSourceObject: {fileID: 0}
  m_PrefabInstance: {fileID: 0}
  m_PrefabAsset: {fileID: 0}
  serializedVersion: 6
  m_Component:
  - component: {fileID: 3949574791142497247}
  m_Layer: 9
  m_Name: elbowext_lf_jnt
  m_TagString: Untagged
  m_Icon: {fileID: 0}
  m_NavMeshLayer: 0
  m_StaticEditorFlags: 0
  m_IsActive: 1
--- !u!4 &3949574791142497247
Transform:
  m_ObjectHideFlags: 0
  m_CorrespondingSourceObject: {fileID: 0}
  m_PrefabInstance: {fileID: 0}
  m_PrefabAsset: {fileID: 0}
  m_GameObject: {fileID: 3949574791142655999}
  m_LocalRotation: {x: 0.48372322, y: 0.5157635, z: 0.5157611, w: -0.48372555}
  m_LocalPosition: {x: 0.08275811, y: 0.000000025784628, z: -0.057260633}
  m_LocalScale: {x: 1, y: 1, z: 1}
  m_Children: []
  m_Father: {fileID: 3949574791142497235}
  m_RootOrder: 0
  m_LocalEulerAnglesHint: {x: 0, y: 0, z: 0}
--- !u!1 &3949574791270694594
GameObject:
  m_ObjectHideFlags: 0
  m_CorrespondingSourceObject: {fileID: 0}
  m_PrefabInstance: {fileID: 0}
  m_PrefabAsset: {fileID: 0}
  serializedVersion: 6
  m_Component:
  - component: {fileID: 3949574791270694595}
  - component: {fileID: 3949574791270694596}
  m_Layer: 9
  m_Name: Attack_Box
  m_TagString: Enemy_Attack_BOX
  m_Icon: {fileID: 0}
  m_NavMeshLayer: 0
  m_StaticEditorFlags: 0
  m_IsActive: 1
--- !u!4 &3949574791270694595
Transform:
  m_ObjectHideFlags: 0
  m_CorrespondingSourceObject: {fileID: 0}
  m_PrefabInstance: {fileID: 0}
  m_PrefabAsset: {fileID: 0}
  m_GameObject: {fileID: 3949574791270694594}
  m_LocalRotation: {x: 0, y: 0, z: 0, w: 1}
  m_LocalPosition: {x: 0, y: 0, z: 0}
  m_LocalScale: {x: 1, y: 1, z: 1}
  m_Children: []
  m_Father: {fileID: 3949574791142497241}
  m_RootOrder: 0
  m_LocalEulerAnglesHint: {x: 0, y: 0, z: 0}
--- !u!65 &3949574791270694596
BoxCollider:
  m_ObjectHideFlags: 0
  m_CorrespondingSourceObject: {fileID: 0}
  m_PrefabInstance: {fileID: 0}
  m_PrefabAsset: {fileID: 0}
  m_GameObject: {fileID: 3949574791270694594}
  m_Material: {fileID: 0}
  m_IsTrigger: 1
  m_Enabled: 1
  serializedVersion: 2
  m_Size: {x: 1.22, y: 2.19, z: 0.83}
  m_Center: {x: 0, y: 0.99, z: 0}
--- !u!1 &4836656555204019745
GameObject:
  m_ObjectHideFlags: 0
  m_CorrespondingSourceObject: {fileID: 0}
  m_PrefabInstance: {fileID: 0}
  m_PrefabAsset: {fileID: 0}
  serializedVersion: 6
  m_Component:
  - component: {fileID: 8165502490215447942}
  m_Layer: 9
  m_Name: GameObject
  m_TagString: Untagged
  m_Icon: {fileID: 0}
  m_NavMeshLayer: 0
  m_StaticEditorFlags: 0
  m_IsActive: 1
--- !u!4 &8165502490215447942
Transform:
  m_ObjectHideFlags: 0
  m_CorrespondingSourceObject: {fileID: 0}
  m_PrefabInstance: {fileID: 0}
  m_PrefabAsset: {fileID: 0}
  m_GameObject: {fileID: 4836656555204019745}
  m_LocalRotation: {x: 0, y: 0, z: 0, w: 1}
  m_LocalPosition: {x: 0, y: 0, z: 0}
  m_LocalScale: {x: 1, y: 1, z: 1}
  m_Children:
  - {fileID: 2030543883895923419}
  m_Father: {fileID: 3949574791142497193}
  m_RootOrder: 4
  m_LocalEulerAnglesHint: {x: 0, y: 0, z: 0}
--- !u!1 &8450567352046592347
GameObject:
  m_ObjectHideFlags: 0
  m_CorrespondingSourceObject: {fileID: 0}
  m_PrefabInstance: {fileID: 0}
  m_PrefabAsset: {fileID: 0}
  serializedVersion: 6
  m_Component:
  - component: {fileID: 1353931214482919292}
  - component: {fileID: 7458021315255638413}
  - component: {fileID: 8365821323193615739}
  - component: {fileID: 4145834492428142284}
  m_Layer: 9
  m_Name: Sphere (1)
  m_TagString: Untagged
  m_Icon: {fileID: 0}
  m_NavMeshLayer: 0
  m_StaticEditorFlags: 0
  m_IsActive: 1
--- !u!4 &1353931214482919292
Transform:
  m_ObjectHideFlags: 0
  m_CorrespondingSourceObject: {fileID: 0}
  m_PrefabInstance: {fileID: 0}
  m_PrefabAsset: {fileID: 0}
  m_GameObject: {fileID: 8450567352046592347}
  m_LocalRotation: {x: 0, y: 0, z: 0, w: 1}
  m_LocalPosition: {x: 0.064, y: 0.0505, z: -0.1548}
  m_LocalScale: {x: 0.020654622, y: 0.020654622, z: 0.020654622}
  m_Children: []
  m_Father: {fileID: 3949574791142497249}
  m_RootOrder: 1
  m_LocalEulerAnglesHint: {x: 0, y: 0, z: 0}
--- !u!33 &7458021315255638413
MeshFilter:
  m_ObjectHideFlags: 0
  m_CorrespondingSourceObject: {fileID: 0}
  m_PrefabInstance: {fileID: 0}
  m_PrefabAsset: {fileID: 0}
  m_GameObject: {fileID: 8450567352046592347}
  m_Mesh: {fileID: 10207, guid: 0000000000000000e000000000000000, type: 0}
--- !u!23 &8365821323193615739
MeshRenderer:
  m_ObjectHideFlags: 0
  m_CorrespondingSourceObject: {fileID: 0}
  m_PrefabInstance: {fileID: 0}
  m_PrefabAsset: {fileID: 0}
  m_GameObject: {fileID: 8450567352046592347}
  m_Enabled: 1
  m_CastShadows: 1
  m_ReceiveShadows: 1
  m_DynamicOccludee: 1
  m_MotionVectors: 1
  m_LightProbeUsage: 1
  m_ReflectionProbeUsage: 1
  m_RenderingLayerMask: 1
  m_RendererPriority: 0
  m_Materials:
  - {fileID: 2100000, guid: 11567757e63c0124cb24ea0079b74f0d, type: 2}
  m_StaticBatchInfo:
    firstSubMesh: 0
    subMeshCount: 0
  m_StaticBatchRoot: {fileID: 0}
  m_ProbeAnchor: {fileID: 0}
  m_LightProbeVolumeOverride: {fileID: 0}
  m_ScaleInLightmap: 1
  m_PreserveUVs: 0
  m_IgnoreNormalsForChartDetection: 0
  m_ImportantGI: 0
  m_StitchLightmapSeams: 0
  m_SelectedEditorRenderState: 3
  m_MinimumChartSize: 4
  m_AutoUVMaxDistance: 0.5
  m_AutoUVMaxAngle: 89
  m_LightmapParameters: {fileID: 0}
  m_SortingLayerID: 0
  m_SortingLayer: 0
  m_SortingOrder: 0
--- !u!135 &4145834492428142284
SphereCollider:
  m_ObjectHideFlags: 0
  m_CorrespondingSourceObject: {fileID: 0}
  m_PrefabInstance: {fileID: 0}
  m_PrefabAsset: {fileID: 0}
  m_GameObject: {fileID: 8450567352046592347}
  m_Material: {fileID: 0}
  m_IsTrigger: 0
  m_Enabled: 1
  serializedVersion: 2
  m_Radius: 0.5
  m_Center: {x: 0, y: -3.4220028e-19, z: -0.000030517578}
--- !u!1001 &2027372052453107885
PrefabInstance:
  m_ObjectHideFlags: 0
  serializedVersion: 2
  m_Modification:
    m_TransformParent: {fileID: 8165502490215447942}
    m_Modifications:
    - target: {fileID: 1849241899477320, guid: 594838dcfd7f06542aa5e6081f421bc2, type: 3}
      propertyPath: m_Name
      value: Twohand01_B_SM
      objectReference: {fileID: 0}
    - target: {fileID: 4324123990870646, guid: 594838dcfd7f06542aa5e6081f421bc2, type: 3}
      propertyPath: m_LocalPosition.x
      value: -0.083
      objectReference: {fileID: 0}
    - target: {fileID: 4324123990870646, guid: 594838dcfd7f06542aa5e6081f421bc2, type: 3}
      propertyPath: m_LocalPosition.y
      value: 0.025
      objectReference: {fileID: 0}
    - target: {fileID: 4324123990870646, guid: 594838dcfd7f06542aa5e6081f421bc2, type: 3}
      propertyPath: m_LocalPosition.z
      value: 0.024
      objectReference: {fileID: 0}
    - target: {fileID: 4324123990870646, guid: 594838dcfd7f06542aa5e6081f421bc2, type: 3}
      propertyPath: m_LocalRotation.x
      value: 0.741542
      objectReference: {fileID: 0}
    - target: {fileID: 4324123990870646, guid: 594838dcfd7f06542aa5e6081f421bc2, type: 3}
      propertyPath: m_LocalRotation.y
      value: -0.0000002405714
      objectReference: {fileID: 0}
    - target: {fileID: 4324123990870646, guid: 594838dcfd7f06542aa5e6081f421bc2, type: 3}
      propertyPath: m_LocalRotation.z
      value: 0.00000035015427
      objectReference: {fileID: 0}
    - target: {fileID: 4324123990870646, guid: 594838dcfd7f06542aa5e6081f421bc2, type: 3}
      propertyPath: m_LocalRotation.w
      value: 0.6709065
      objectReference: {fileID: 0}
    - target: {fileID: 4324123990870646, guid: 594838dcfd7f06542aa5e6081f421bc2, type: 3}
      propertyPath: m_RootOrder
      value: 0
      objectReference: {fileID: 0}
    - target: {fileID: 4324123990870646, guid: 594838dcfd7f06542aa5e6081f421bc2, type: 3}
      propertyPath: m_LocalEulerAnglesHint.x
      value: 95.72601
      objectReference: {fileID: 0}
    - target: {fileID: 4324123990870646, guid: 594838dcfd7f06542aa5e6081f421bc2, type: 3}
      propertyPath: m_LocalEulerAnglesHint.y
      value: 0
      objectReference: {fileID: 0}
    - target: {fileID: 4324123990870646, guid: 594838dcfd7f06542aa5e6081f421bc2, type: 3}
      propertyPath: m_LocalEulerAnglesHint.z
      value: 0
      objectReference: {fileID: 0}
    - target: {fileID: 4324123990870646, guid: 594838dcfd7f06542aa5e6081f421bc2, type: 3}
      propertyPath: m_LocalScale.x
      value: 3.4494
      objectReference: {fileID: 0}
    - target: {fileID: 4324123990870646, guid: 594838dcfd7f06542aa5e6081f421bc2, type: 3}
      propertyPath: m_LocalScale.y
      value: 3.4494
      objectReference: {fileID: 0}
    - target: {fileID: 4324123990870646, guid: 594838dcfd7f06542aa5e6081f421bc2, type: 3}
      propertyPath: m_LocalScale.z
      value: 3.4494
      objectReference: {fileID: 0}
    m_RemovedComponents: []
  m_SourcePrefab: {fileID: 100100000, guid: 594838dcfd7f06542aa5e6081f421bc2, type: 3}
--- !u!4 &2030543883895923419 stripped
Transform:
  m_CorrespondingSourceObject: {fileID: 4324123990870646, guid: 594838dcfd7f06542aa5e6081f421bc2,
    type: 3}
  m_PrefabInstance: {fileID: 2027372052453107885}
  m_PrefabAsset: {fileID: 0}
--- !u!1001 &3949574789965361451
PrefabInstance:
  m_ObjectHideFlags: 0
  serializedVersion: 2
  m_Modification:
    m_TransformParent: {fileID: 3949574791142497161}
    m_Modifications:
    - target: {fileID: 944625476756298854, guid: ef7cb879c8017024cbdae60042b57ce8,
        type: 3}
      propertyPath: m_Name
      value: EmitterHolderJump
      objectReference: {fileID: 0}
    - target: {fileID: 944625476756298855, guid: ef7cb879c8017024cbdae60042b57ce8,
        type: 3}
      propertyPath: m_LocalPosition.x
      value: 0
      objectReference: {fileID: 0}
    - target: {fileID: 944625476756298855, guid: ef7cb879c8017024cbdae60042b57ce8,
        type: 3}
      propertyPath: m_LocalPosition.y
      value: 0.7
      objectReference: {fileID: 0}
    - target: {fileID: 944625476756298855, guid: ef7cb879c8017024cbdae60042b57ce8,
        type: 3}
      propertyPath: m_LocalPosition.z
      value: 0
      objectReference: {fileID: 0}
    - target: {fileID: 944625476756298855, guid: ef7cb879c8017024cbdae60042b57ce8,
        type: 3}
      propertyPath: m_LocalRotation.x
      value: 0
      objectReference: {fileID: 0}
    - target: {fileID: 944625476756298855, guid: ef7cb879c8017024cbdae60042b57ce8,
        type: 3}
      propertyPath: m_LocalRotation.y
      value: 0
      objectReference: {fileID: 0}
    - target: {fileID: 944625476756298855, guid: ef7cb879c8017024cbdae60042b57ce8,
        type: 3}
      propertyPath: m_LocalRotation.z
      value: 0
      objectReference: {fileID: 0}
    - target: {fileID: 944625476756298855, guid: ef7cb879c8017024cbdae60042b57ce8,
        type: 3}
      propertyPath: m_LocalRotation.w
      value: 1
      objectReference: {fileID: 0}
    - target: {fileID: 944625476756298855, guid: ef7cb879c8017024cbdae60042b57ce8,
        type: 3}
      propertyPath: m_RootOrder
      value: 6
      objectReference: {fileID: 0}
    - target: {fileID: 944625476756298855, guid: ef7cb879c8017024cbdae60042b57ce8,
        type: 3}
      propertyPath: m_LocalEulerAnglesHint.x
      value: 0
      objectReference: {fileID: 0}
    - target: {fileID: 944625476756298855, guid: ef7cb879c8017024cbdae60042b57ce8,
        type: 3}
      propertyPath: m_LocalEulerAnglesHint.y
      value: 0
      objectReference: {fileID: 0}
    - target: {fileID: 944625476756298855, guid: ef7cb879c8017024cbdae60042b57ce8,
        type: 3}
      propertyPath: m_LocalEulerAnglesHint.z
      value: 0
      objectReference: {fileID: 0}
    m_RemovedComponents: []
  m_SourcePrefab: {fileID: 100100000, guid: ef7cb879c8017024cbdae60042b57ce8, type: 3}
--- !u!4 &4311157077552590156 stripped
Transform:
  m_CorrespondingSourceObject: {fileID: 944625476756298855, guid: ef7cb879c8017024cbdae60042b57ce8,
    type: 3}
  m_PrefabInstance: {fileID: 3949574789965361451}
  m_PrefabAsset: {fileID: 0}
--- !u!1001 &3949574791216196950
PrefabInstance:
  m_ObjectHideFlags: 0
  serializedVersion: 2
  m_Modification:
    m_TransformParent: {fileID: 3949574791142497161}
    m_Modifications:
    - target: {fileID: 8841940615519249757, guid: 7ee1c381293d01a4f8db3fa39ad64959,
        type: 3}
      propertyPath: m_Name
      value: EmitterHolderAttack1
      objectReference: {fileID: 0}
    - target: {fileID: 8841940615519249756, guid: 7ee1c381293d01a4f8db3fa39ad64959,
        type: 3}
      propertyPath: m_LocalPosition.x
      value: -0.26
      objectReference: {fileID: 0}
    - target: {fileID: 8841940615519249756, guid: 7ee1c381293d01a4f8db3fa39ad64959,
        type: 3}
      propertyPath: m_LocalPosition.y
      value: 2.248
      objectReference: {fileID: 0}
    - target: {fileID: 8841940615519249756, guid: 7ee1c381293d01a4f8db3fa39ad64959,
        type: 3}
      propertyPath: m_LocalPosition.z
      value: 2.498
      objectReference: {fileID: 0}
    - target: {fileID: 8841940615519249756, guid: 7ee1c381293d01a4f8db3fa39ad64959,
        type: 3}
      propertyPath: m_LocalRotation.x
      value: -0
      objectReference: {fileID: 0}
    - target: {fileID: 8841940615519249756, guid: 7ee1c381293d01a4f8db3fa39ad64959,
        type: 3}
      propertyPath: m_LocalRotation.y
      value: -0
      objectReference: {fileID: 0}
    - target: {fileID: 8841940615519249756, guid: 7ee1c381293d01a4f8db3fa39ad64959,
        type: 3}
      propertyPath: m_LocalRotation.z
      value: -0
      objectReference: {fileID: 0}
    - target: {fileID: 8841940615519249756, guid: 7ee1c381293d01a4f8db3fa39ad64959,
        type: 3}
      propertyPath: m_LocalRotation.w
      value: 1
      objectReference: {fileID: 0}
    - target: {fileID: 8841940615519249756, guid: 7ee1c381293d01a4f8db3fa39ad64959,
        type: 3}
      propertyPath: m_RootOrder
      value: 5
      objectReference: {fileID: 0}
    - target: {fileID: 8841940615519249756, guid: 7ee1c381293d01a4f8db3fa39ad64959,
        type: 3}
      propertyPath: m_LocalEulerAnglesHint.x
      value: 0
      objectReference: {fileID: 0}
    - target: {fileID: 8841940615519249756, guid: 7ee1c381293d01a4f8db3fa39ad64959,
        type: 3}
      propertyPath: m_LocalEulerAnglesHint.y
      value: 0
      objectReference: {fileID: 0}
    - target: {fileID: 8841940615519249756, guid: 7ee1c381293d01a4f8db3fa39ad64959,
        type: 3}
      propertyPath: m_LocalEulerAnglesHint.z
      value: 0
      objectReference: {fileID: 0}
    - target: {fileID: 6225588440813165625, guid: 7ee1c381293d01a4f8db3fa39ad64959,
        type: 3}
      propertyPath: m_TagString
      value: ShootAttack1Emitter
      objectReference: {fileID: 0}
    - target: {fileID: 6225588440825028114, guid: 7ee1c381293d01a4f8db3fa39ad64959,
        type: 3}
      propertyPath: m_TagString
      value: ShootAttack1Emitter
      objectReference: {fileID: 0}
    - target: {fileID: 6225588441127708923, guid: 7ee1c381293d01a4f8db3fa39ad64959,
        type: 3}
      propertyPath: m_TagString
      value: ShootAttack1Emitter
      objectReference: {fileID: 0}
    - target: {fileID: 6225588441061170250, guid: 7ee1c381293d01a4f8db3fa39ad64959,
        type: 3}
      propertyPath: m_TagString
      value: ShootAttack1Emitter
      objectReference: {fileID: 0}
    - target: {fileID: 6225588440973571046, guid: 7ee1c381293d01a4f8db3fa39ad64959,
        type: 3}
      propertyPath: m_Enabled
      value: 0
      objectReference: {fileID: 0}
    - target: {fileID: 6225588440874647860, guid: 7ee1c381293d01a4f8db3fa39ad64959,
        type: 3}
      propertyPath: m_Enabled
      value: 0
      objectReference: {fileID: 0}
    - target: {fileID: 6225588440929701636, guid: 7ee1c381293d01a4f8db3fa39ad64959,
        type: 3}
      propertyPath: m_TagString
      value: ShootAttack1Emitter
      objectReference: {fileID: 0}
    - target: {fileID: 6225588441376201895, guid: 7ee1c381293d01a4f8db3fa39ad64959,
        type: 3}
      propertyPath: m_TagString
      value: ShootAttack1Emitter
      objectReference: {fileID: 0}
    - target: {fileID: 6225588441296601093, guid: 7ee1c381293d01a4f8db3fa39ad64959,
        type: 3}
      propertyPath: m_Enabled
      value: 0
      objectReference: {fileID: 0}
    - target: {fileID: 6225588441229353608, guid: 7ee1c381293d01a4f8db3fa39ad64959,
        type: 3}
      propertyPath: m_Enabled
      value: 0
      objectReference: {fileID: 0}
    - target: {fileID: 6225588441233443913, guid: 7ee1c381293d01a4f8db3fa39ad64959,
        type: 3}
      propertyPath: m_TagString
      value: ShootAttack1Emitter
      objectReference: {fileID: 0}
    - target: {fileID: 6225588441613615706, guid: 7ee1c381293d01a4f8db3fa39ad64959,
        type: 3}
      propertyPath: m_TagString
      value: ShootAttack1Emitter
      objectReference: {fileID: 0}
    - target: {fileID: 6225588441632883400, guid: 7ee1c381293d01a4f8db3fa39ad64959,
        type: 3}
      propertyPath: m_Enabled
      value: 0
      objectReference: {fileID: 0}
    - target: {fileID: 6225588441658793055, guid: 7ee1c381293d01a4f8db3fa39ad64959,
        type: 3}
      propertyPath: m_Enabled
      value: 0
      objectReference: {fileID: 0}
    - target: {fileID: 6225588441600977693, guid: 7ee1c381293d01a4f8db3fa39ad64959,
        type: 3}
      propertyPath: m_Enabled
      value: 0
      objectReference: {fileID: 0}
    - target: {fileID: 6225588441493951069, guid: 7ee1c381293d01a4f8db3fa39ad64959,
        type: 3}
      propertyPath: m_TagString
      value: ShootAttack1Emitter
      objectReference: {fileID: 0}
    - target: {fileID: 6225588441533856904, guid: 7ee1c381293d01a4f8db3fa39ad64959,
        type: 3}
      propertyPath: m_TagString
      value: ShootAttack1Emitter
      objectReference: {fileID: 0}
    - target: {fileID: 6225588441534517986, guid: 7ee1c381293d01a4f8db3fa39ad64959,
        type: 3}
      propertyPath: m_Enabled
      value: 0
      objectReference: {fileID: 0}
    - target: {fileID: 6225588441434643589, guid: 7ee1c381293d01a4f8db3fa39ad64959,
        type: 3}
      propertyPath: m_TagString
      value: ShootAttack1Emitter
      objectReference: {fileID: 0}
    - target: {fileID: 6225588441463398292, guid: 7ee1c381293d01a4f8db3fa39ad64959,
        type: 3}
      propertyPath: m_TagString
      value: ShootAttack1Emitter
      objectReference: {fileID: 0}
    - target: {fileID: 6225588439754864430, guid: 7ee1c381293d01a4f8db3fa39ad64959,
        type: 3}
      propertyPath: m_Enabled
      value: 0
      objectReference: {fileID: 0}
    - target: {fileID: 6225588439768981035, guid: 7ee1c381293d01a4f8db3fa39ad64959,
        type: 3}
      propertyPath: m_TagString
      value: ShootAttack1Emitter
      objectReference: {fileID: 0}
    - target: {fileID: 6225588439794299805, guid: 7ee1c381293d01a4f8db3fa39ad64959,
        type: 3}
      propertyPath: m_TagString
      value: ShootAttack1Emitter
      objectReference: {fileID: 0}
    - target: {fileID: 6225588439668335800, guid: 7ee1c381293d01a4f8db3fa39ad64959,
        type: 3}
      propertyPath: m_Enabled
      value: 0
      objectReference: {fileID: 0}
    - target: {fileID: 6225588439676900595, guid: 7ee1c381293d01a4f8db3fa39ad64959,
        type: 3}
      propertyPath: m_Enabled
      value: 0
      objectReference: {fileID: 0}
    - target: {fileID: 6225588439698388759, guid: 7ee1c381293d01a4f8db3fa39ad64959,
        type: 3}
      propertyPath: m_TagString
      value: ShootAttack1Emitter
      objectReference: {fileID: 0}
    - target: {fileID: 6225588439610154264, guid: 7ee1c381293d01a4f8db3fa39ad64959,
        type: 3}
      propertyPath: m_TagString
      value: ShootAttack1Emitter
      objectReference: {fileID: 0}
    - target: {fileID: 6225588439884240177, guid: 7ee1c381293d01a4f8db3fa39ad64959,
        type: 3}
      propertyPath: m_TagString
      value: ShootAttack1Emitter
      objectReference: {fileID: 0}
    - target: {fileID: 6225588439897476991, guid: 7ee1c381293d01a4f8db3fa39ad64959,
        type: 3}
      propertyPath: m_TagString
      value: ShootAttack1Emitter
      objectReference: {fileID: 0}
    - target: {fileID: 6225588439826359888, guid: 7ee1c381293d01a4f8db3fa39ad64959,
        type: 3}
      propertyPath: m_Enabled
      value: 0
      objectReference: {fileID: 0}
    - target: {fileID: 6225588439827760090, guid: 7ee1c381293d01a4f8db3fa39ad64959,
        type: 3}
      propertyPath: m_TagString
      value: ShootAttack1Emitter
      objectReference: {fileID: 0}
    - target: {fileID: 6225588439853280535, guid: 7ee1c381293d01a4f8db3fa39ad64959,
        type: 3}
      propertyPath: m_TagString
      value: ShootAttack1Emitter
      objectReference: {fileID: 0}
    - target: {fileID: 6225588439857867726, guid: 7ee1c381293d01a4f8db3fa39ad64959,
        type: 3}
      propertyPath: m_TagString
      value: ShootAttack1Emitter
      objectReference: {fileID: 0}
    - target: {fileID: 6225588440145794963, guid: 7ee1c381293d01a4f8db3fa39ad64959,
        type: 3}
      propertyPath: m_TagString
      value: ShootAttack1Emitter
      objectReference: {fileID: 0}
    - target: {fileID: 6225588440095854036, guid: 7ee1c381293d01a4f8db3fa39ad64959,
        type: 3}
      propertyPath: m_TagString
      value: ShootAttack1Emitter
      objectReference: {fileID: 0}
    - target: {fileID: 6225588440396052287, guid: 7ee1c381293d01a4f8db3fa39ad64959,
        type: 3}
      propertyPath: m_TagString
      value: ShootAttack1Emitter
      objectReference: {fileID: 0}
    m_RemovedComponents: []
  m_SourcePrefab: {fileID: 100100000, guid: 7ee1c381293d01a4f8db3fa39ad64959, type: 3}
--- !u!4 &5511094760805812234 stripped
Transform:
  m_CorrespondingSourceObject: {fileID: 8841940615519249756, guid: 7ee1c381293d01a4f8db3fa39ad64959,
    type: 3}
  m_PrefabInstance: {fileID: 3949574791216196950}
  m_PrefabAsset: {fileID: 0}
--- !u!1001 &3949574791380180519
PrefabInstance:
  m_ObjectHideFlags: 0
  serializedVersion: 2
  m_Modification:
    m_TransformParent: {fileID: 3949574791142497161}
    m_Modifications:
    - target: {fileID: 146575144106362732, guid: e83fd5167cdc96d40b78c7306dbc7919,
        type: 3}
      propertyPath: m_Name
      value: EmitterHolderShoot
      objectReference: {fileID: 0}
    - target: {fileID: 146575144106362643, guid: e83fd5167cdc96d40b78c7306dbc7919,
        type: 3}
      propertyPath: m_LocalPosition.x
      value: 0.382
      objectReference: {fileID: 0}
    - target: {fileID: 146575144106362643, guid: e83fd5167cdc96d40b78c7306dbc7919,
        type: 3}
      propertyPath: m_LocalPosition.y
      value: 2.836
      objectReference: {fileID: 0}
    - target: {fileID: 146575144106362643, guid: e83fd5167cdc96d40b78c7306dbc7919,
        type: 3}
      propertyPath: m_LocalPosition.z
      value: 3.461
      objectReference: {fileID: 0}
    - target: {fileID: 146575144106362643, guid: e83fd5167cdc96d40b78c7306dbc7919,
        type: 3}
      propertyPath: m_LocalRotation.x
      value: 0
      objectReference: {fileID: 0}
    - target: {fileID: 146575144106362643, guid: e83fd5167cdc96d40b78c7306dbc7919,
        type: 3}
      propertyPath: m_LocalRotation.y
      value: 0
      objectReference: {fileID: 0}
    - target: {fileID: 146575144106362643, guid: e83fd5167cdc96d40b78c7306dbc7919,
        type: 3}
      propertyPath: m_LocalRotation.z
      value: 0
      objectReference: {fileID: 0}
    - target: {fileID: 146575144106362643, guid: e83fd5167cdc96d40b78c7306dbc7919,
        type: 3}
      propertyPath: m_LocalRotation.w
      value: 1
      objectReference: {fileID: 0}
    - target: {fileID: 146575144106362643, guid: e83fd5167cdc96d40b78c7306dbc7919,
        type: 3}
      propertyPath: m_RootOrder
      value: 7
      objectReference: {fileID: 0}
    - target: {fileID: 146575144106362643, guid: e83fd5167cdc96d40b78c7306dbc7919,
        type: 3}
      propertyPath: m_LocalEulerAnglesHint.x
      value: 0
      objectReference: {fileID: 0}
    - target: {fileID: 146575144106362643, guid: e83fd5167cdc96d40b78c7306dbc7919,
        type: 3}
      propertyPath: m_LocalEulerAnglesHint.y
      value: 0
      objectReference: {fileID: 0}
    - target: {fileID: 146575144106362643, guid: e83fd5167cdc96d40b78c7306dbc7919,
        type: 3}
      propertyPath: m_LocalEulerAnglesHint.z
      value: 0
      objectReference: {fileID: 0}
    - target: {fileID: 4397747082296402560, guid: e83fd5167cdc96d40b78c7306dbc7919,
        type: 3}
      propertyPath: m_TagString
      value: BigBallEmitter2
      objectReference: {fileID: 0}
    - target: {fileID: 4397747082940511112, guid: e83fd5167cdc96d40b78c7306dbc7919,
        type: 3}
      propertyPath: m_TagString
      value: BigBallEmitter2
      objectReference: {fileID: 0}
    - target: {fileID: 4397747081873415164, guid: e83fd5167cdc96d40b78c7306dbc7919,
        type: 3}
      propertyPath: m_TagString
      value: BigBallEmitter2
      objectReference: {fileID: 0}
    - target: {fileID: 4397747082296402566, guid: e83fd5167cdc96d40b78c7306dbc7919,
        type: 3}
      propertyPath: m_Enabled
      value: 0
      objectReference: {fileID: 0}
    - target: {fileID: 4397747082940511118, guid: e83fd5167cdc96d40b78c7306dbc7919,
        type: 3}
      propertyPath: m_Enabled
      value: 0
      objectReference: {fileID: 0}
    - target: {fileID: 4397747081873415138, guid: e83fd5167cdc96d40b78c7306dbc7919,
        type: 3}
      propertyPath: m_Enabled
      value: 0
      objectReference: {fileID: 0}
    - target: {fileID: 146575145443568418, guid: e83fd5167cdc96d40b78c7306dbc7919,
        type: 3}
      propertyPath: m_Enabled
      value: 0
      objectReference: {fileID: 0}
    - target: {fileID: 146575145366517940, guid: e83fd5167cdc96d40b78c7306dbc7919,
        type: 3}
      propertyPath: m_Enabled
      value: 0
      objectReference: {fileID: 0}
    - target: {fileID: 146575145374648575, guid: e83fd5167cdc96d40b78c7306dbc7919,
        type: 3}
      propertyPath: m_Enabled
      value: 0
      objectReference: {fileID: 0}
    - target: {fileID: 146575145229992353, guid: e83fd5167cdc96d40b78c7306dbc7919,
        type: 3}
      propertyPath: m_Enabled
      value: 0
      objectReference: {fileID: 0}
    - target: {fileID: 146575145256729180, guid: e83fd5167cdc96d40b78c7306dbc7919,
        type: 3}
      propertyPath: m_Enabled
      value: 0
      objectReference: {fileID: 0}
    - target: {fileID: 146575143765695497, guid: e83fd5167cdc96d40b78c7306dbc7919,
        type: 3}
      propertyPath: m_Enabled
      value: 0
      objectReference: {fileID: 0}
    - target: {fileID: 146575143966981764, guid: e83fd5167cdc96d40b78c7306dbc7919,
        type: 3}
      propertyPath: m_Enabled
      value: 0
      objectReference: {fileID: 0}
    - target: {fileID: 146575143589953619, guid: e83fd5167cdc96d40b78c7306dbc7919,
        type: 3}
      propertyPath: m_Enabled
      value: 0
      objectReference: {fileID: 0}
    - target: {fileID: 146575143563632324, guid: e83fd5167cdc96d40b78c7306dbc7919,
        type: 3}
      propertyPath: m_Enabled
      value: 0
      objectReference: {fileID: 0}
    - target: {fileID: 146575143532640017, guid: e83fd5167cdc96d40b78c7306dbc7919,
        type: 3}
      propertyPath: m_Enabled
      value: 0
      objectReference: {fileID: 0}
    - target: {fileID: 146575143735135982, guid: e83fd5167cdc96d40b78c7306dbc7919,
        type: 3}
      propertyPath: m_Enabled
      value: 0
      objectReference: {fileID: 0}
    - target: {fileID: 146575144256319466, guid: e83fd5167cdc96d40b78c7306dbc7919,
        type: 3}
      propertyPath: m_Enabled
      value: 0
      objectReference: {fileID: 0}
    - target: {fileID: 146575144155995448, guid: e83fd5167cdc96d40b78c7306dbc7919,
        type: 3}
      propertyPath: m_Enabled
      value: 0
      objectReference: {fileID: 0}
    m_RemovedComponents: []
  m_SourcePrefab: {fileID: 100100000, guid: e83fd5167cdc96d40b78c7306dbc7919, type: 3}
--- !u!4 &3803017249167579444 stripped
Transform:
  m_CorrespondingSourceObject: {fileID: 146575144106362643, guid: e83fd5167cdc96d40b78c7306dbc7919,
    type: 3}
  m_PrefabInstance: {fileID: 3949574791380180519}
  m_PrefabAsset: {fileID: 0}
