%YAML 1.1
%TAG !u! tag:unity3d.com,2011:
--- !u!1 &8138796631943756049
GameObject:
  m_ObjectHideFlags: 0
  m_CorrespondingSourceObject: {fileID: 0}
  m_PrefabInstance: {fileID: 0}
  m_PrefabAsset: {fileID: 0}
  serializedVersion: 6
  m_Component:
  - component: {fileID: 8138796631943324977}
  m_Layer: 0
  m_Name: Mount_Backpack_Med
  m_TagString: Untagged
  m_Icon: {fileID: 0}
  m_NavMeshLayer: 0
  m_StaticEditorFlags: 0
  m_IsActive: 1
--- !u!4 &8138796631943324977
Transform:
  m_ObjectHideFlags: 0
  m_CorrespondingSourceObject: {fileID: 0}
  m_PrefabInstance: {fileID: 0}
  m_PrefabAsset: {fileID: 0}
  m_GameObject: {fileID: 8138796631943756049}
  m_LocalRotation: {x: 0, y: -0, z: -0, w: 1}
  m_LocalPosition: {x: -0, y: 1.2492319, z: -0.8181044}
  m_LocalScale: {x: 1, y: 1, z: 1}
  m_Children: []
  m_Father: {fileID: 8138796631943324981}
  m_RootOrder: 1
  m_LocalEulerAnglesHint: {x: 0, y: 0, z: 0}
--- !u!1 &8138796631943756051
GameObject:
  m_ObjectHideFlags: 0
  m_CorrespondingSourceObject: {fileID: 0}
  m_PrefabInstance: {fileID: 0}
  m_PrefabAsset: {fileID: 0}
  serializedVersion: 6
  m_Component:
  - component: {fileID: 8138796631943324979}
  - component: {fileID: 8138796631942554909}
  - component: {fileID: 8138796631941556189}
  m_Layer: 0
  m_Name: Body_Geom
  m_TagString: Untagged
  m_Icon: {fileID: 0}
  m_NavMeshLayer: 0
  m_StaticEditorFlags: 0
  m_IsActive: 1
--- !u!4 &8138796631943324979
Transform:
  m_ObjectHideFlags: 0
  m_CorrespondingSourceObject: {fileID: 0}
  m_PrefabInstance: {fileID: 0}
  m_PrefabAsset: {fileID: 0}
  m_GameObject: {fileID: 8138796631943756051}
  m_LocalRotation: {x: 0, y: -0, z: -0, w: 1}
  m_LocalPosition: {x: -0, y: 0, z: 0}
  m_LocalScale: {x: 1, y: 1, z: 1}
  m_Children: []
  m_Father: {fileID: 8138796631943324981}
  m_RootOrder: 0
  m_LocalEulerAnglesHint: {x: 0, y: 0, z: 0}
--- !u!33 &8138796631942554909
MeshFilter:
  m_ObjectHideFlags: 0
  m_CorrespondingSourceObject: {fileID: 0}
  m_PrefabInstance: {fileID: 0}
  m_PrefabAsset: {fileID: 0}
  m_GameObject: {fileID: 8138796631943756051}
  m_Mesh: {fileID: 4300000, guid: f4f68fc535156d449b4b63e7f98668c0, type: 3}
--- !u!23 &8138796631941556189
MeshRenderer:
  m_ObjectHideFlags: 0
  m_CorrespondingSourceObject: {fileID: 0}
  m_PrefabInstance: {fileID: 0}
  m_PrefabAsset: {fileID: 0}
  m_GameObject: {fileID: 8138796631943756051}
  m_Enabled: 1
  m_CastShadows: 1
  m_ReceiveShadows: 1
  m_DynamicOccludee: 1
  m_MotionVectors: 1
  m_LightProbeUsage: 0
  m_ReflectionProbeUsage: 1
  m_RenderingLayerMask: 1
  m_RendererPriority: 0
  m_Materials:
  - {fileID: 2100000, guid: 8b80dc1528f0e484caffd647f123bdd6, type: 2}
  m_StaticBatchInfo:
    firstSubMesh: 0
    subMeshCount: 0
  m_StaticBatchRoot: {fileID: 0}
  m_ProbeAnchor: {fileID: 0}
  m_LightProbeVolumeOverride: {fileID: 0}
  m_ScaleInLightmap: 1
  m_PreserveUVs: 0
  m_IgnoreNormalsForChartDetection: 0
  m_ImportantGI: 0
  m_StitchLightmapSeams: 0
  m_SelectedEditorRenderState: 3
  m_MinimumChartSize: 4
  m_AutoUVMaxDistance: 0.5
  m_AutoUVMaxAngle: 89
  m_LightmapParameters: {fileID: 0}
  m_SortingLayerID: 0
  m_SortingLayer: 0
  m_SortingOrder: 0
--- !u!1 &8138796631943756053
GameObject:
  m_ObjectHideFlags: 0
  m_CorrespondingSourceObject: {fileID: 0}
  m_PrefabInstance: {fileID: 0}
  m_PrefabAsset: {fileID: 0}
  serializedVersion: 6
  m_Component:
  - component: {fileID: 8138796631943324981}
  - component: {fileID: 8138796631953132249}
  m_Layer: 0
  m_Name: Chassis_Carrier_Lvl2
  m_TagString: Untagged
  m_Icon: {fileID: 0}
  m_NavMeshLayer: 0
  m_StaticEditorFlags: 0
  m_IsActive: 1
--- !u!4 &8138796631943324981
Transform:
  m_ObjectHideFlags: 0
  m_CorrespondingSourceObject: {fileID: 0}
  m_PrefabInstance: {fileID: 0}
  m_PrefabAsset: {fileID: 0}
  m_GameObject: {fileID: 8138796631943756053}
  m_LocalRotation: {x: 0, y: -0, z: -0, w: 1}
  m_LocalPosition: {x: 18, y: 0, z: -18}
  m_LocalScale: {x: 1, y: 1, z: 1}
  m_Children:
  - {fileID: 8138796631943324979}
  - {fileID: 8138796631943324977}
  - {fileID: 8138796631943324991}
  - {fileID: 8138796631943324989}
  - {fileID: 8138796631943324987}
  - {fileID: 8138796631943324985}
  m_Father: {fileID: 0}
  m_RootOrder: 0
  m_LocalEulerAnglesHint: {x: 0, y: 0, z: 0}
--- !u!95 &8138796631953132249
Animator:
  serializedVersion: 3
  m_ObjectHideFlags: 0
  m_CorrespondingSourceObject: {fileID: 0}
  m_PrefabInstance: {fileID: 0}
  m_PrefabAsset: {fileID: 0}
  m_GameObject: {fileID: 8138796631943756053}
  m_Enabled: 1
  m_Avatar: {fileID: 9000000, guid: f4f68fc535156d449b4b63e7f98668c0, type: 3}
  m_Controller: {fileID: 0}
  m_CullingMode: 0
  m_UpdateMode: 0
  m_ApplyRootMotion: 1
  m_LinearVelocityBlending: 0
  m_WarningMessage: 
  m_HasTransformHierarchy: 1
  m_AllowConstantClipSamplingOptimization: 1
  m_KeepAnimatorControllerStateOnDisable: 0
--- !u!1 &8138796631943756057
GameObject:
  m_ObjectHideFlags: 0
  m_CorrespondingSourceObject: {fileID: 0}
  m_PrefabInstance: {fileID: 0}
  m_PrefabAsset: {fileID: 0}
  serializedVersion: 6
  m_Component:
  - component: {fileID: 8138796631943324985}
  - component: {fileID: 8138796631942554905}
  - component: {fileID: 8138796631941556185}
  m_Layer: 0
  m_Name: Tracks_R_Geom
  m_TagString: Untagged
  m_Icon: {fileID: 0}
  m_NavMeshLayer: 0
  m_StaticEditorFlags: 0
  m_IsActive: 1
--- !u!4 &8138796631943324985
Transform:
  m_ObjectHideFlags: 0
  m_CorrespondingSourceObject: {fileID: 0}
  m_PrefabInstance: {fileID: 0}
  m_PrefabAsset: {fileID: 0}
  m_GameObject: {fileID: 8138796631943756057}
  m_LocalRotation: {x: 0, y: -0, z: -0, w: 1}
  m_LocalPosition: {x: 1.4187205, y: 0, z: 0}
  m_LocalScale: {x: 1, y: 1, z: 1}
  m_Children: []
  m_Father: {fileID: 8138796631943324981}
  m_RootOrder: 5
  m_LocalEulerAnglesHint: {x: 0, y: 0, z: 0}
--- !u!33 &8138796631942554905
MeshFilter:
  m_ObjectHideFlags: 0
  m_CorrespondingSourceObject: {fileID: 0}
  m_PrefabInstance: {fileID: 0}
  m_PrefabAsset: {fileID: 0}
  m_GameObject: {fileID: 8138796631943756057}
  m_Mesh: {fileID: 4300002, guid: f4f68fc535156d449b4b63e7f98668c0, type: 3}
--- !u!23 &8138796631941556185
MeshRenderer:
  m_ObjectHideFlags: 0
  m_CorrespondingSourceObject: {fileID: 0}
  m_PrefabInstance: {fileID: 0}
  m_PrefabAsset: {fileID: 0}
  m_GameObject: {fileID: 8138796631943756057}
  m_Enabled: 1
  m_CastShadows: 1
  m_ReceiveShadows: 1
  m_DynamicOccludee: 1
  m_MotionVectors: 1
  m_LightProbeUsage: 0
  m_ReflectionProbeUsage: 1
  m_RenderingLayerMask: 1
  m_RendererPriority: 0
  m_Materials:
  - {fileID: 2100000, guid: 8edb0cb1bc818f542bb62288d26085bd, type: 2}
  m_StaticBatchInfo:
    firstSubMesh: 0
    subMeshCount: 0
  m_StaticBatchRoot: {fileID: 0}
  m_ProbeAnchor: {fileID: 0}
  m_LightProbeVolumeOverride: {fileID: 0}
  m_ScaleInLightmap: 1
  m_PreserveUVs: 0
  m_IgnoreNormalsForChartDetection: 0
  m_ImportantGI: 0
  m_StitchLightmapSeams: 0
  m_SelectedEditorRenderState: 3
  m_MinimumChartSize: 4
  m_AutoUVMaxDistance: 0.5
  m_AutoUVMaxAngle: 89
  m_LightmapParameters: {fileID: 0}
  m_SortingLayerID: 0
  m_SortingLayer: 0
  m_SortingOrder: 0
--- !u!1 &8138796631943756059
GameObject:
  m_ObjectHideFlags: 0
  m_CorrespondingSourceObject: {fileID: 0}
  m_PrefabInstance: {fileID: 0}
  m_PrefabAsset: {fileID: 0}
  serializedVersion: 6
  m_Component:
  - component: {fileID: 8138796631943324987}
  - component: {fileID: 8138796631942554907}
  - component: {fileID: 8138796631941556187}
  m_Layer: 0
  m_Name: Tracks_L_Geom
  m_TagString: Untagged
  m_Icon: {fileID: 0}
  m_NavMeshLayer: 0
  m_StaticEditorFlags: 0
  m_IsActive: 1
--- !u!4 &8138796631943324987
Transform:
  m_ObjectHideFlags: 0
  m_CorrespondingSourceObject: {fileID: 0}
  m_PrefabInstance: {fileID: 0}
  m_PrefabAsset: {fileID: 0}
  m_GameObject: {fileID: 8138796631943756059}
  m_LocalRotation: {x: 0, y: -0, z: -0, w: 1}
  m_LocalPosition: {x: -1.4187205, y: 0, z: 0}
  m_LocalScale: {x: 1, y: 1, z: 1}
  m_Children: []
  m_Father: {fileID: 8138796631943324981}
  m_RootOrder: 4
  m_LocalEulerAnglesHint: {x: 0, y: 0, z: 0}
--- !u!33 &8138796631942554907
MeshFilter:
  m_ObjectHideFlags: 0
  m_CorrespondingSourceObject: {fileID: 0}
  m_PrefabInstance: {fileID: 0}
  m_PrefabAsset: {fileID: 0}
  m_GameObject: {fileID: 8138796631943756059}
  m_Mesh: {fileID: 4300004, guid: f4f68fc535156d449b4b63e7f98668c0, type: 3}
--- !u!23 &8138796631941556187
MeshRenderer:
  m_ObjectHideFlags: 0
  m_CorrespondingSourceObject: {fileID: 0}
  m_PrefabInstance: {fileID: 0}
  m_PrefabAsset: {fileID: 0}
  m_GameObject: {fileID: 8138796631943756059}
  m_Enabled: 1
  m_CastShadows: 1
  m_ReceiveShadows: 1
  m_DynamicOccludee: 1
  m_MotionVectors: 1
  m_LightProbeUsage: 0
  m_ReflectionProbeUsage: 1
  m_RenderingLayerMask: 1
  m_RendererPriority: 0
  m_Materials:
  - {fileID: 2100000, guid: 8edb0cb1bc818f542bb62288d26085bd, type: 2}
  m_StaticBatchInfo:
    firstSubMesh: 0
    subMeshCount: 0
  m_StaticBatchRoot: {fileID: 0}
  m_ProbeAnchor: {fileID: 0}
  m_LightProbeVolumeOverride: {fileID: 0}
  m_ScaleInLightmap: 1
  m_PreserveUVs: 0
  m_IgnoreNormalsForChartDetection: 0
  m_ImportantGI: 0
  m_StitchLightmapSeams: 0
  m_SelectedEditorRenderState: 3
  m_MinimumChartSize: 4
  m_AutoUVMaxDistance: 0.5
  m_AutoUVMaxAngle: 89
  m_LightmapParameters: {fileID: 0}
  m_SortingLayerID: 0
  m_SortingLayer: 0
  m_SortingOrder: 0
--- !u!1 &8138796631943756061
GameObject:
  m_ObjectHideFlags: 0
  m_CorrespondingSourceObject: {fileID: 0}
  m_PrefabInstance: {fileID: 0}
  m_PrefabAsset: {fileID: 0}
  serializedVersion: 6
  m_Component:
  - component: {fileID: 8138796631943324989}
  m_Layer: 0
  m_Name: Mount_Top
  m_TagString: Untagged
  m_Icon: {fileID: 0}
  m_NavMeshLayer: 0
  m_StaticEditorFlags: 0
  m_IsActive: 1
--- !u!4 &8138796631943324989
Transform:
  m_ObjectHideFlags: 0
  m_CorrespondingSourceObject: {fileID: 0}
  m_PrefabInstance: {fileID: 0}
  m_PrefabAsset: {fileID: 0}
  m_GameObject: {fileID: 8138796631943756061}
  m_LocalRotation: {x: 0, y: 0, z: 0.7071068, w: -0.7071068}
  m_LocalPosition: {x: -0, y: 2.2627416, z: -0.56686974}
  m_LocalScale: {x: 1, y: 1, z: 1}
  m_Children:
  - {fileID: 8138796630814713468}
  m_Father: {fileID: 8138796631943324981}
  m_RootOrder: 3
  m_LocalEulerAnglesHint: {x: 0, y: 0, z: 0}
--- !u!1 &8138796631943756063
GameObject:
  m_ObjectHideFlags: 0
  m_CorrespondingSourceObject: {fileID: 0}
  m_PrefabInstance: {fileID: 0}
  m_PrefabAsset: {fileID: 0}
  serializedVersion: 6
  m_Component:
  - component: {fileID: 8138796631943324991}
  m_Layer: 0
  m_Name: Mount_Cockpit
  m_TagString: Untagged
  m_Icon: {fileID: 0}
  m_NavMeshLayer: 0
  m_StaticEditorFlags: 0
  m_IsActive: 1
--- !u!4 &8138796631943324991
Transform:
  m_ObjectHideFlags: 0
  m_CorrespondingSourceObject: {fileID: 0}
  m_PrefabInstance: {fileID: 0}
  m_PrefabAsset: {fileID: 0}
  m_GameObject: {fileID: 8138796631943756063}
  m_LocalRotation: {x: 0, y: -0, z: -0, w: 1}
  m_LocalPosition: {x: 5.684342e-16, y: 0.95172095, z: 0.79098445}
  m_LocalScale: {x: 1, y: 1, z: 1}
  m_Children:
  - {fileID: 8138796630867958389}
  m_Father: {fileID: 8138796631943324981}
  m_RootOrder: 2
  m_LocalEulerAnglesHint: {x: 0, y: 0, z: 0}
--- !u!1001 &8138796630438737055
PrefabInstance:
  m_ObjectHideFlags: 0
  serializedVersion: 2
  m_Modification:
    m_TransformParent: {fileID: 8138796630814713462}
    m_Modifications:
    - target: {fileID: 400000, guid: dc8ed487ebae30f4d8113d37f23709a3, type: 3}
      propertyPath: m_LocalPosition.x
      value: -0
      objectReference: {fileID: 0}
    - target: {fileID: 400000, guid: dc8ed487ebae30f4d8113d37f23709a3, type: 3}
      propertyPath: m_LocalPosition.y
      value: 0
      objectReference: {fileID: 0}
    - target: {fileID: 400000, guid: dc8ed487ebae30f4d8113d37f23709a3, type: 3}
      propertyPath: m_LocalPosition.z
      value: 0
      objectReference: {fileID: 0}
    - target: {fileID: 400000, guid: dc8ed487ebae30f4d8113d37f23709a3, type: 3}
      propertyPath: m_LocalRotation.x
      value: 0
      objectReference: {fileID: 0}
    - target: {fileID: 400000, guid: dc8ed487ebae30f4d8113d37f23709a3, type: 3}
      propertyPath: m_LocalRotation.y
      value: -0
      objectReference: {fileID: 0}
    - target: {fileID: 400000, guid: dc8ed487ebae30f4d8113d37f23709a3, type: 3}
      propertyPath: m_LocalRotation.z
      value: -0
      objectReference: {fileID: 0}
    - target: {fileID: 400000, guid: dc8ed487ebae30f4d8113d37f23709a3, type: 3}
      propertyPath: m_LocalRotation.w
      value: 1
      objectReference: {fileID: 0}
    m_RemovedComponents: []
  m_SourcePrefab: {fileID: 100100000, guid: dc8ed487ebae30f4d8113d37f23709a3, type: 3}
--- !u!4 &8138796630438866455 stripped
Transform:
  m_CorrespondingSourceObject: {fileID: 400008, guid: dc8ed487ebae30f4d8113d37f23709a3,
    type: 3}
  m_PrefabInstance: {fileID: 8138796630438737055}
  m_PrefabAsset: {fileID: 0}
--- !u!1001 &8138796630814850300
PrefabInstance:
  m_ObjectHideFlags: 0
  serializedVersion: 2
  m_Modification:
    m_TransformParent: {fileID: 8138796631943324989}
    m_Modifications:
    - target: {fileID: 400000, guid: c247f4754f5b779409e3dc67bf84273e, type: 3}
      propertyPath: m_LocalPosition.x
      value: -0.1
      objectReference: {fileID: 0}
    - target: {fileID: 400000, guid: c247f4754f5b779409e3dc67bf84273e, type: 3}
      propertyPath: m_LocalPosition.y
      value: 0
      objectReference: {fileID: 0}
    - target: {fileID: 400000, guid: c247f4754f5b779409e3dc67bf84273e, type: 3}
      propertyPath: m_LocalPosition.z
      value: 0
      objectReference: {fileID: 0}
    - target: {fileID: 400000, guid: c247f4754f5b779409e3dc67bf84273e, type: 3}
      propertyPath: m_LocalRotation.x
      value: 0
      objectReference: {fileID: 0}
    - target: {fileID: 400000, guid: c247f4754f5b779409e3dc67bf84273e, type: 3}
      propertyPath: m_LocalRotation.y
      value: 0
      objectReference: {fileID: 0}
    - target: {fileID: 400000, guid: c247f4754f5b779409e3dc67bf84273e, type: 3}
      propertyPath: m_LocalRotation.z
      value: 0.7071068
      objectReference: {fileID: 0}
    - target: {fileID: 400000, guid: c247f4754f5b779409e3dc67bf84273e, type: 3}
      propertyPath: m_LocalRotation.w
      value: 0.7071068
      objectReference: {fileID: 0}
    m_RemovedComponents: []
  m_SourcePrefab: {fileID: 100100000, guid: c247f4754f5b779409e3dc67bf84273e, type: 3}
--- !u!4 &8138796630814713468 stripped
Transform:
  m_CorrespondingSourceObject: {fileID: 400000, guid: c247f4754f5b779409e3dc67bf84273e,
    type: 3}
  m_PrefabInstance: {fileID: 8138796630814850300}
  m_PrefabAsset: {fileID: 0}
--- !u!4 &8138796630814713460 stripped
Transform:
  m_CorrespondingSourceObject: {fileID: 400008, guid: c247f4754f5b779409e3dc67bf84273e,
    type: 3}
  m_PrefabInstance: {fileID: 8138796630814850300}
  m_PrefabAsset: {fileID: 0}
--- !u!4 &8138796630814713462 stripped
Transform:
  m_CorrespondingSourceObject: {fileID: 400010, guid: c247f4754f5b779409e3dc67bf84273e,
    type: 3}
  m_PrefabInstance: {fileID: 8138796630814850300}
  m_PrefabAsset: {fileID: 0}
--- !u!1001 &8138796630867558645
PrefabInstance:
  m_ObjectHideFlags: 0
  serializedVersion: 2
  m_Modification:
    m_TransformParent: {fileID: 8138796631943324991}
    m_Modifications:
    - target: {fileID: 400000, guid: 87b9d76b1dda9b74181b970db3a2f70a, type: 3}
      propertyPath: m_LocalPosition.x
      value: 0
      objectReference: {fileID: 0}
    - target: {fileID: 400000, guid: 87b9d76b1dda9b74181b970db3a2f70a, type: 3}
      propertyPath: m_LocalPosition.y
      value: 0
      objectReference: {fileID: 0}
    - target: {fileID: 400000, guid: 87b9d76b1dda9b74181b970db3a2f70a, type: 3}
      propertyPath: m_LocalPosition.z
      value: 0
      objectReference: {fileID: 0}
    - target: {fileID: 400000, guid: 87b9d76b1dda9b74181b970db3a2f70a, type: 3}
      propertyPath: m_LocalRotation.x
      value: 0
      objectReference: {fileID: 0}
    - target: {fileID: 400000, guid: 87b9d76b1dda9b74181b970db3a2f70a, type: 3}
      propertyPath: m_LocalRotation.y
      value: -0
      objectReference: {fileID: 0}
    - target: {fileID: 400000, guid: 87b9d76b1dda9b74181b970db3a2f70a, type: 3}
      propertyPath: m_LocalRotation.z
      value: -0
      objectReference: {fileID: 0}
    - target: {fileID: 400000, guid: 87b9d76b1dda9b74181b970db3a2f70a, type: 3}
      propertyPath: m_LocalRotation.w
      value: 1
      objectReference: {fileID: 0}
    m_RemovedComponents: []
  m_SourcePrefab: {fileID: 100100000, guid: 87b9d76b1dda9b74181b970db3a2f70a, type: 3}
--- !u!4 &8138796630867958389 stripped
Transform:
  m_CorrespondingSourceObject: {fileID: 400000, guid: 87b9d76b1dda9b74181b970db3a2f70a,
    type: 3}
  m_PrefabInstance: {fileID: 8138796630867558645}
  m_PrefabAsset: {fileID: 0}
--- !u!1001 &8138796631226651828
PrefabInstance:
  m_ObjectHideFlags: 0
  serializedVersion: 2
  m_Modification:
    m_TransformParent: {fileID: 8138796631545766803}
    m_Modifications:
    - target: {fileID: 400000, guid: 41be5f9f7385e87469af9eb69ff4bc67, type: 3}
      propertyPath: m_LocalPosition.x
      value: -0.0000011324883
      objectReference: {fileID: 0}
    - target: {fileID: 400000, guid: 41be5f9f7385e87469af9eb69ff4bc67, type: 3}
      propertyPath: m_LocalPosition.y
      value: 0.000031035393
      objectReference: {fileID: 0}
    - target: {fileID: 400000, guid: 41be5f9f7385e87469af9eb69ff4bc67, type: 3}
      propertyPath: m_LocalPosition.z
      value: -0.00000074505806
      objectReference: {fileID: 0}
    - target: {fileID: 400000, guid: 41be5f9f7385e87469af9eb69ff4bc67, type: 3}
      propertyPath: m_LocalRotation.x
      value: -0.17162745
      objectReference: {fileID: 0}
    - target: {fileID: 400000, guid: 41be5f9f7385e87469af9eb69ff4bc67, type: 3}
      propertyPath: m_LocalRotation.y
      value: 0
      objectReference: {fileID: 0}
    - target: {fileID: 400000, guid: 41be5f9f7385e87469af9eb69ff4bc67, type: 3}
      propertyPath: m_LocalRotation.z
      value: 0
      objectReference: {fileID: 0}
    - target: {fileID: 400000, guid: 41be5f9f7385e87469af9eb69ff4bc67, type: 3}
      propertyPath: m_LocalRotation.w
      value: 0.98516196
      objectReference: {fileID: 0}
    m_RemovedComponents: []
  m_SourcePrefab: {fileID: 100100000, guid: 41be5f9f7385e87469af9eb69ff4bc67, type: 3}
--- !u!1001 &8138796631545379099
PrefabInstance:
  m_ObjectHideFlags: 0
  serializedVersion: 2
  m_Modification:
    m_TransformParent: {fileID: 8138796630814713460}
    m_Modifications:
    - target: {fileID: 400000, guid: dc8ed487ebae30f4d8113d37f23709a3, type: 3}
      propertyPath: m_LocalPosition.x
      value: -0
      objectReference: {fileID: 0}
    - target: {fileID: 400000, guid: dc8ed487ebae30f4d8113d37f23709a3, type: 3}
      propertyPath: m_LocalPosition.y
      value: 0
      objectReference: {fileID: 0}
    - target: {fileID: 400000, guid: dc8ed487ebae30f4d8113d37f23709a3, type: 3}
      propertyPath: m_LocalPosition.z
      value: 0
      objectReference: {fileID: 0}
    - target: {fileID: 400000, guid: dc8ed487ebae30f4d8113d37f23709a3, type: 3}
      propertyPath: m_LocalRotation.x
      value: 0
      objectReference: {fileID: 0}
    - target: {fileID: 400000, guid: dc8ed487ebae30f4d8113d37f23709a3, type: 3}
      propertyPath: m_LocalRotation.y
      value: -0
      objectReference: {fileID: 0}
    - target: {fileID: 400000, guid: dc8ed487ebae30f4d8113d37f23709a3, type: 3}
      propertyPath: m_LocalRotation.z
      value: -0
      objectReference: {fileID: 0}
    - target: {fileID: 400000, guid: dc8ed487ebae30f4d8113d37f23709a3, type: 3}
      propertyPath: m_LocalRotation.w
      value: 1
      objectReference: {fileID: 0}
    m_RemovedComponents: []
  m_SourcePrefab: {fileID: 100100000, guid: dc8ed487ebae30f4d8113d37f23709a3, type: 3}
--- !u!4 &8138796631545766803 stripped
Transform:
  m_CorrespondingSourceObject: {fileID: 400008, guid: dc8ed487ebae30f4d8113d37f23709a3,
    type: 3}
  m_PrefabInstance: {fileID: 8138796631545379099}
  m_PrefabAsset: {fileID: 0}
--- !u!1001 &8138796632374625584
PrefabInstance:
  m_ObjectHideFlags: 0
  serializedVersion: 2
  m_Modification:
    m_TransformParent: {fileID: 8138796630438866455}
    m_Modifications:
    - target: {fileID: 400000, guid: e995d756b9163ac45bc8cdcb7a13be6e, type: 3}
      propertyPath: m_LocalPosition.x
      value: -0.0000011324883
      objectReference: {fileID: 0}
    - target: {fileID: 400000, guid: e995d756b9163ac45bc8cdcb7a13be6e, type: 3}
      propertyPath: m_LocalPosition.y
      value: 0.00003085658
      objectReference: {fileID: 0}
    - target: {fileID: 400000, guid: e995d756b9163ac45bc8cdcb7a13be6e, type: 3}
      propertyPath: m_LocalPosition.z
      value: -0.00000013411045
      objectReference: {fileID: 0}
    - target: {fileID: 400000, guid: e995d756b9163ac45bc8cdcb7a13be6e, type: 3}
      propertyPath: m_LocalRotation.x
      value: -0.17162745
      objectReference: {fileID: 0}
    - target: {fileID: 400000, guid: e995d756b9163ac45bc8cdcb7a13be6e, type: 3}
      propertyPath: m_LocalRotation.y
      value: 0
      objectReference: {fileID: 0}
    - target: {fileID: 400000, guid: e995d756b9163ac45bc8cdcb7a13be6e, type: 3}
      propertyPath: m_LocalRotation.z
      value: 0
      objectReference: {fileID: 0}
    - target: {fileID: 400000, guid: e995d756b9163ac45bc8cdcb7a13be6e, type: 3}
      propertyPath: m_LocalRotation.w
      value: 0.98516196
      objectReference: {fileID: 0}
    m_RemovedComponents: []
  m_SourcePrefab: {fileID: 100100000, guid: e995d756b9163ac45bc8cdcb7a13be6e, type: 3}
