%YAML 1.1
%TAG !u! tag:unity3d.com,2011:
--- !u!1 &2986079721000714836
GameObject:
  m_ObjectHideFlags: 0
  m_CorrespondingSourceObject: {fileID: 0}
  m_PrefabInstance: {fileID: 0}
  m_PrefabAsset: {fileID: 0}
  serializedVersion: 6
  m_Component:
  - component: {fileID: 2986079721000714837}
  m_Layer: 0
  m_Name: DefenseTower
  m_TagString: Untagged
  m_Icon: {fileID: 0}
  m_NavMeshLayer: 0
  m_StaticEditorFlags: 0
  m_IsActive: 1
--- !u!4 &2986079721000714837
Transform:
  m_ObjectHideFlags: 0
  m_CorrespondingSourceObject: {fileID: 0}
  m_PrefabInstance: {fileID: 0}
  m_PrefabAsset: {fileID: 0}
  m_GameObject: {fileID: 2986079721000714836}
  m_LocalRotation: {x: 0, y: 0.7071068, z: 0, w: 0.70710677}
  m_LocalPosition: {x: -132.31, y: 2.415, z: 446.72}
  m_LocalScale: {x: 1.9317712, y: 1.9317712, z: 1.9317712}
  m_Children:
  - {fileID: 7556475708447205515}
  m_Father: {fileID: 0}
  m_RootOrder: 0
  m_LocalEulerAnglesHint: {x: 0, y: 90.00001, z: 0}
--- !u!1 &6218845158551647335
GameObject:
  m_ObjectHideFlags: 0
  m_CorrespondingSourceObject: {fileID: 0}
  m_PrefabInstance: {fileID: 0}
  m_PrefabAsset: {fileID: 0}
  serializedVersion: 6
  m_Component:
  - component: {fileID: 8505234076088875476}
  m_Layer: 0
  m_Name: GameObject
  m_TagString: Untagged
  m_Icon: {fileID: 0}
  m_NavMeshLayer: 0
  m_StaticEditorFlags: 0
  m_IsActive: 1
--- !u!4 &8505234076088875476
Transform:
  m_ObjectHideFlags: 0
  m_CorrespondingSourceObject: {fileID: 0}
  m_PrefabInstance: {fileID: 0}
  m_PrefabAsset: {fileID: 0}
  m_GameObject: {fileID: 6218845158551647335}
  m_LocalRotation: {x: 0, y: 0, z: 0, w: 1}
  m_LocalPosition: {x: 0, y: 0, z: 0}
  m_LocalScale: {x: 1, y: 1, z: 1}
  m_Children: []
  m_Father: {fileID: 7556475707972368989}
  m_RootOrder: 1
  m_LocalEulerAnglesHint: {x: 0, y: 0, z: 0}
--- !u!114 &372787677
MonoBehaviour:
  m_ObjectHideFlags: 0
  m_CorrespondingSourceObject: {fileID: 0}
  m_PrefabInstance: {fileID: 0}
  m_PrefabAsset: {fileID: 0}
  m_GameObject: {fileID: 7556475707971872381}
  m_Enabled: 1
  m_EditorHideFlags: 0
  m_Script: {fileID: 11500000, guid: 0dd686fa1d139074f93ce34753342fc9, type: 3}
  m_Name: 
  m_EditorClassIdentifier: 
  controller: {fileID: 0}
  data: {fileID: 0}
  pivot: {fileID: 0}
  turretSpeed: 2
  anim: {fileID: 0}
--- !u!54 &2986079719865625656
Rigidbody:
  m_ObjectHideFlags: 0
  m_CorrespondingSourceObject: {fileID: 0}
  m_PrefabInstance: {fileID: 0}
  m_PrefabAsset: {fileID: 0}
  m_GameObject: {fileID: 7556475708447044779}
  serializedVersion: 2
  m_Mass: 999
  m_Drag: 0
  m_AngularDrag: 0.05
  m_UseGravity: 1
  m_IsKinematic: 0
  m_Interpolate: 0
  m_Constraints: 14
  m_CollisionDetection: 0
--- !u!65 &2986079719865625659
BoxCollider:
  m_ObjectHideFlags: 0
  m_CorrespondingSourceObject: {fileID: 0}
  m_PrefabInstance: {fileID: 0}
  m_PrefabAsset: {fileID: 0}
  m_GameObject: {fileID: 7556475708447044779}
  m_Material: {fileID: 0}
  m_IsTrigger: 0
  m_Enabled: 1
  serializedVersion: 2
  m_Size: {x: 1, y: 1, z: 1}
  m_Center: {x: 0, y: 2.53, z: 0}
--- !u!114 &2986079719865625601
MonoBehaviour:
  m_ObjectHideFlags: 0
  m_CorrespondingSourceObject: {fileID: 0}
  m_PrefabInstance: {fileID: 0}
  m_PrefabAsset: {fileID: 0}
  m_GameObject: {fileID: 7556475708447044779}
  m_Enabled: 0
  m_EditorHideFlags: 0
  m_Script: {fileID: 11500000, guid: 07e984a483ad60344bfe18baaf8644cd, type: 3}
  m_Name: 
  m_EditorClassIdentifier: 
  go_pool: {fileID: 0}
  pool: {fileID: 0}
  go_ballPool: {fileID: 0}
  ballPool: {fileID: 0}
  go_sameSpeedPool: {fileID: 0}
  sameSpeedPool: {fileID: 0}
  go_bigBallOnePattern: {fileID: 0}
  bigBallOnePattern: {fileID: 0}
  data: {fileID: 0}
  enemyTarget: {fileID: 0}
  emitterHolder: {fileID: 0}
  rotationSpeed: 1
  rotationAngleX: 30
  rotationAngleY: 0
  rotationAngleZ: 0
  bubbles: []
  bubblesIndex: 0
  bigBall: {fileID: 0}
  firstShootingCountDown: 0
  resetShootingTime: 0
  totalWaveShootingTime: 0
  rechargeTime: 0
  bubbleEmitter: []
  shootingTimeCountDown: 0
  totalWaveShootingTimeCountDown: 0
  rechargeTimeCountDown: 0
--- !u!114 &2986079719865625606
MonoBehaviour:
  m_ObjectHideFlags: 0
  m_CorrespondingSourceObject: {fileID: 0}
  m_PrefabInstance: {fileID: 0}
  m_PrefabAsset: {fileID: 0}
  m_GameObject: {fileID: 7556475708447044779}
  m_Enabled: 1
  m_EditorHideFlags: 0
  m_Script: {fileID: 11500000, guid: 31a466e1cd5ebd449a2fd16d8165c5a6, type: 3}
  m_Name: 
  m_EditorClassIdentifier: 
  enemy: {fileID: 0}
  bubbleShooter: {fileID: 0}
  controller: {fileID: 0}
  enemyTarget: {fileID: 0}
  fightSystem: {fileID: 0}
  rayDistance: 1.5
  target: {fileID: 0}
  Chease_speed: 0.05
  ChaseRange: 19.55
  nextChaseSpeed: 0
  backSpeed: -0.1
  backRang: 7.34
  backTime: 0
  backRate: 5
  SightRange: 7.93
  Rotationspeed: 1.85
  rb: {fileID: 0}
  movementVec: {x: 0, y: 0, z: 0}
  dirToPlayer: {x: 0, y: 0, z: 0}
  isChase: 0
  inBackRange: 0
  isBack: 0
  float_nextChase: 0
  float_chaseRate: 3
  maxHp: 3000
  currentHp: 0
  isDead: 0
  C_Damage: 0
  onTriCount: 0
  float_Distance: 0
  float_checkInSight: 44.7
  float_SlowDownDistance: 8
  float_StopDistance: 0
  melleAttackD_Damage: 15
  melleAttack_Range: 0
  shoot_Damage: 0
  attackRate: 0
  nextAttack: 0
  bool_EnemyIsMoving: 0
  vec_EnemyCurrentVector: {x: 0, y: 0, z: 0}
  float_EnemyCurrentMoveForce: -0.1
  float_EnemyCurrentMoveSpeed: 0.5
  float_EnemyMaxSpeed: 1
  float_EnemyMaxRotateSpeed: 0
  float_EnemyTempRotateForce: 0
  bool_Attack: 0
  bool_EnemyHasRemoteAttackProperty: 1
  bool_RotateShootProperty: 0
  float_BubbleShootSpeed: 0.3
  float_FirstShootDelayTime: 0
  float_WaveShootTotalTime: 5
  float_WaveShootOverDelayTime: 2
  transArray_Emiiter:
  - {fileID: 7799452542272396149}
  int_BubbleDamage: 0
  float_ShootingDistance: 0
  float_RotationSpeed: 0
  defenseShield: {fileID: 0}
  HaveShield: 1
  Shield: {fileID: 0}
  shieldOpen: 0
  shieldRadius: 5
  shieldPower: 1000
  bool_EnemyHasMelleAttackProperty: 0
  bool_InAttackRange: 0
  float_LookRotationSpeed: 5
  float_AttackRange: 59.46
  float_FirstAttackCountDown: 5
  float_FirstAttackDelayTime: 2
  float_MelleAttackRate: 3
  float_NextMelleAttack: 0
  int_MelleAttack_Damage: 30
  MelleAttackAnim: []
  anim: {fileID: 0}
  takeDamage: 0
  machineDamage: 0
  IsFirstTimeAttack: 0
  IsFirstTimeShoot: 0
  f_LBMoveSpeed: 0
  f_LBRotationSpeed: 0
  f_LBdirToPlayer: 0
  f_LBTimer: 0
  f_LBTimerTemporarySave: 0
  i_LBStatePattern: 0
  b_LBRotating: 0
  b_LBMoving: 0
  b_LBJumping: 0
  b_LBAttacking: 0
  v_LBVectorChase: {x: 0, y: 0, z: 0}
  rb_LBrb: {fileID: 0}
  f_LBAttackPrepareRange: 0
  f_LBMelleAttackRange1: 0
  f_LBMelleAttackRange2: 0
  f_LBDeciedAttackRange: 0
  f_LBShootAttackRange: 0
  i_LBMelleAttackPattern: 0
  i_LBShootAttackPattern: 0
  b_LBEmitterRotate: 0
  f_LBLeaveStateDistance: 0
  i_LBHowManyIdleTimesToShootBigBall: 0
  go_LBEmitterHolder: {fileID: 0}
  go_LBAttackEmitterHolder: {fileID: 0}
  go_LBJumpShoot: []
  go_LBShootCircle: []
  go_LBShootKome: []
  go_LBShootStar: []
  go_LBShootTriangle: []
  go_LBShootBigBall: []
  go_LBShootBigBall2: []
  go_LBShootAttack1: []
  go_LBShootBigBallTernado: []
--- !u!114 &2986079719865625607
MonoBehaviour:
  m_ObjectHideFlags: 0
  m_CorrespondingSourceObject: {fileID: 0}
  m_PrefabInstance: {fileID: 0}
  m_PrefabAsset: {fileID: 0}
  m_GameObject: {fileID: 7556475708447044779}
  m_Enabled: 1
  m_EditorHideFlags: 0
  m_Script: {fileID: 11500000, guid: 809fab753e7b0ff4abc7d17beda0b1f6, type: 3}
  m_Name: 
  m_EditorClassIdentifier: 
  b_IsKyle: 0
  b_IsSpiderRobot: 0
  b_IsLongLegRobot: 0
  b_IsLastBoss: 0
  b_DefenseTower: 1
  currentState: 0
--- !u!114 &2986079719865625657
MonoBehaviour:
  m_ObjectHideFlags: 0
  m_CorrespondingSourceObject: {fileID: 0}
  m_PrefabInstance: {fileID: 0}
  m_PrefabAsset: {fileID: 0}
  m_GameObject: {fileID: 7556475708447044779}
  m_Enabled: 1
  m_EditorHideFlags: 0
  m_Script: {fileID: 11500000, guid: 3fbc46e9731fd524f90fa0994c327224, type: 3}
  m_Name: 
  m_EditorClassIdentifier: 
  controller: {fileID: 0}
  data: {fileID: 0}
  turretSpeed: 2
--- !u!114 &2986079719865625658
MonoBehaviour:
  m_ObjectHideFlags: 0
  m_CorrespondingSourceObject: {fileID: 0}
  m_PrefabInstance: {fileID: 0}
  m_PrefabAsset: {fileID: 0}
  m_GameObject: {fileID: 7556475708447044779}
  m_Enabled: 0
  m_EditorHideFlags: 0
  m_Script: {fileID: 11500000, guid: 0dd686fa1d139074f93ce34753342fc9, type: 3}
  m_Name: 
  m_EditorClassIdentifier: 
  controller: {fileID: 0}
  data: {fileID: 0}
  pivot: {fileID: 0}
  turretSpeed: 2
  anim: {fileID: 0}
--- !u!1001 &2986079719324183619
PrefabInstance:
  m_ObjectHideFlags: 0
  serializedVersion: 2
  m_Modification:
    m_TransformParent: {fileID: 2986079721000714837}
    m_Modifications:
    - target: {fileID: 4732528058601986280, guid: 13e710bcfd32bec4ab2c8b5967771de1,
        type: 3}
      propertyPath: m_Name
      value: DefenseTower
      objectReference: {fileID: 0}
    - target: {fileID: 4732528058601986280, guid: 13e710bcfd32bec4ab2c8b5967771de1,
        type: 3}
      propertyPath: m_TagString
      value: Enemy
      objectReference: {fileID: 0}
    - target: {fileID: 4732528058602210504, guid: 13e710bcfd32bec4ab2c8b5967771de1,
        type: 3}
      propertyPath: m_LocalPosition.x
      value: 0
      objectReference: {fileID: 0}
    - target: {fileID: 4732528058602210504, guid: 13e710bcfd32bec4ab2c8b5967771de1,
        type: 3}
      propertyPath: m_LocalPosition.y
      value: 0.25
      objectReference: {fileID: 0}
    - target: {fileID: 4732528058602210504, guid: 13e710bcfd32bec4ab2c8b5967771de1,
        type: 3}
      propertyPath: m_LocalPosition.z
      value: -0
      objectReference: {fileID: 0}
    - target: {fileID: 4732528058602210504, guid: 13e710bcfd32bec4ab2c8b5967771de1,
        type: 3}
      propertyPath: m_LocalRotation.x
      value: 0.000000021855696
      objectReference: {fileID: 0}
    - target: {fileID: 4732528058602210504, guid: 13e710bcfd32bec4ab2c8b5967771de1,
        type: 3}
      propertyPath: m_LocalRotation.y
      value: 0.0000014603136
      objectReference: {fileID: 0}
    - target: {fileID: 4732528058602210504, guid: 13e710bcfd32bec4ab2c8b5967771de1,
        type: 3}
      propertyPath: m_LocalRotation.z
      value: 3.2862598e-14
      objectReference: {fileID: 0}
    - target: {fileID: 4732528058602210504, guid: 13e710bcfd32bec4ab2c8b5967771de1,
        type: 3}
      propertyPath: m_LocalRotation.w
      value: 1
      objectReference: {fileID: 0}
    - target: {fileID: 4732528058602210504, guid: 13e710bcfd32bec4ab2c8b5967771de1,
        type: 3}
      propertyPath: m_RootOrder
      value: 0
      objectReference: {fileID: 0}
    - target: {fileID: 4732528058602210504, guid: 13e710bcfd32bec4ab2c8b5967771de1,
        type: 3}
      propertyPath: m_LocalEulerAnglesHint.x
      value: 0
      objectReference: {fileID: 0}
    - target: {fileID: 4732528058602210504, guid: 13e710bcfd32bec4ab2c8b5967771de1,
        type: 3}
      propertyPath: m_LocalEulerAnglesHint.y
      value: 145.11601
      objectReference: {fileID: 0}
    - target: {fileID: 4732528058602210504, guid: 13e710bcfd32bec4ab2c8b5967771de1,
        type: 3}
      propertyPath: m_LocalEulerAnglesHint.z
      value: 0
      objectReference: {fileID: 0}
    - target: {fileID: 4732528058500710519, guid: 13e710bcfd32bec4ab2c8b5967771de1,
        type: 3}
      propertyPath: m_IsActive
      value: 0
      objectReference: {fileID: 0}
    m_RemovedComponents: []
  m_SourcePrefab: {fileID: 100100000, guid: 13e710bcfd32bec4ab2c8b5967771de1, type: 3}
--- !u!1 &7556475708447044779 stripped
GameObject:
  m_CorrespondingSourceObject: {fileID: 4732528058601986280, guid: 13e710bcfd32bec4ab2c8b5967771de1,
    type: 3}
  m_PrefabInstance: {fileID: 2986079719324183619}
  m_PrefabAsset: {fileID: 0}
--- !u!4 &7556475708447205515 stripped
Transform:
  m_CorrespondingSourceObject: {fileID: 4732528058602210504, guid: 13e710bcfd32bec4ab2c8b5967771de1,
    type: 3}
  m_PrefabInstance: {fileID: 2986079719324183619}
  m_PrefabAsset: {fileID: 0}
--- !u!1 &7556475707971872381 stripped
GameObject:
  m_CorrespondingSourceObject: {fileID: 4732528058003147326, guid: 13e710bcfd32bec4ab2c8b5967771de1,
    type: 3}
  m_PrefabInstance: {fileID: 2986079719324183619}
  m_PrefabAsset: {fileID: 0}
--- !u!4 &7556475707972368989 stripped
Transform:
  m_CorrespondingSourceObject: {fileID: 4732528058003576350, guid: 13e710bcfd32bec4ab2c8b5967771de1,
    type: 3}
  m_PrefabInstance: {fileID: 2986079719324183619}
  m_PrefabAsset: {fileID: 0}
--- !u!1001 &2986079720569148319
PrefabInstance:
  m_ObjectHideFlags: 0
  serializedVersion: 2
  m_Modification:
    m_TransformParent: {fileID: 7556475708447205515}
    m_Modifications:
    - target: {fileID: 4993814055277578474, guid: 95974f667f7e62b4da876abe86bb50fb,
        type: 3}
      propertyPath: m_LocalPosition.x
      value: 0
      objectReference: {fileID: 0}
    - target: {fileID: 4993814055277578474, guid: 95974f667f7e62b4da876abe86bb50fb,
        type: 3}
      propertyPath: m_LocalPosition.y
      value: 2.816
      objectReference: {fileID: 0}
    - target: {fileID: 4993814055277578474, guid: 95974f667f7e62b4da876abe86bb50fb,
        type: 3}
      propertyPath: m_LocalPosition.z
      value: 2.091
      objectReference: {fileID: 0}
    - target: {fileID: 4993814055277578474, guid: 95974f667f7e62b4da876abe86bb50fb,
        type: 3}
      propertyPath: m_LocalRotation.x
      value: -0
      objectReference: {fileID: 0}
    - target: {fileID: 4993814055277578474, guid: 95974f667f7e62b4da876abe86bb50fb,
        type: 3}
      propertyPath: m_LocalRotation.y
      value: -0.36233613
      objectReference: {fileID: 0}
    - target: {fileID: 4993814055277578474, guid: 95974f667f7e62b4da876abe86bb50fb,
        type: 3}
      propertyPath: m_LocalRotation.z
      value: -8.881784e-16
      objectReference: {fileID: 0}
    - target: {fileID: 4993814055277578474, guid: 95974f667f7e62b4da876abe86bb50fb,
        type: 3}
      propertyPath: m_LocalRotation.w
      value: 0.93204755
      objectReference: {fileID: 0}
    - target: {fileID: 4993814055277578474, guid: 95974f667f7e62b4da876abe86bb50fb,
        type: 3}
      propertyPath: m_RootOrder
      value: 2
      objectReference: {fileID: 0}
    - target: {fileID: 4993814055277578474, guid: 95974f667f7e62b4da876abe86bb50fb,
        type: 3}
      propertyPath: m_LocalEulerAnglesHint.x
      value: 0
      objectReference: {fileID: 0}
    - target: {fileID: 4993814055277578474, guid: 95974f667f7e62b4da876abe86bb50fb,
        type: 3}
      propertyPath: m_LocalEulerAnglesHint.y
      value: 0
      objectReference: {fileID: 0}
    - target: {fileID: 4993814055277578474, guid: 95974f667f7e62b4da876abe86bb50fb,
        type: 3}
      propertyPath: m_LocalEulerAnglesHint.z
      value: 0
      objectReference: {fileID: 0}
    - target: {fileID: 4993814055277578474, guid: 95974f667f7e62b4da876abe86bb50fb,
        type: 3}
      propertyPath: m_LocalScale.x
      value: 0.51765966
      objectReference: {fileID: 0}
    - target: {fileID: 4993814055277578474, guid: 95974f667f7e62b4da876abe86bb50fb,
        type: 3}
      propertyPath: m_LocalScale.y
      value: 0.51765966
      objectReference: {fileID: 0}
    - target: {fileID: 4993814055277578474, guid: 95974f667f7e62b4da876abe86bb50fb,
        type: 3}
      propertyPath: m_LocalScale.z
      value: 0.51765966
      objectReference: {fileID: 0}
    - target: {fileID: 4993814055277578478, guid: 95974f667f7e62b4da876abe86bb50fb,
        type: 3}
      propertyPath: m_Name
      value: Bubble Maker_3 (1)
      objectReference: {fileID: 0}
    - target: {fileID: 4993814055277578478, guid: 95974f667f7e62b4da876abe86bb50fb,
        type: 3}
      propertyPath: m_TagString
      value: MobEmitter
      objectReference: {fileID: 0}
    - target: {fileID: 4931867014433374033, guid: 95974f667f7e62b4da876abe86bb50fb,
        type: 3}
      propertyPath: firstShootingCountDown
      value: 1
      objectReference: {fileID: 0}
    - target: {fileID: 4931867014433374033, guid: 95974f667f7e62b4da876abe86bb50fb,
        type: 3}
      propertyPath: resetShootingTime
      value: 1
      objectReference: {fileID: 0}
    - target: {fileID: 4931867014433374033, guid: 95974f667f7e62b4da876abe86bb50fb,
        type: 3}
      propertyPath: totalWaveShootingTime
      value: 5
      objectReference: {fileID: 0}
    - target: {fileID: 4931867014433374033, guid: 95974f667f7e62b4da876abe86bb50fb,
        type: 3}
      propertyPath: rechargeTime
      value: 3
      objectReference: {fileID: 0}
    - target: {fileID: 4993814055277578476, guid: 95974f667f7e62b4da876abe86bb50fb,
        type: 3}
      propertyPath: m_Enabled
      value: 0
      objectReference: {fileID: 0}
    - target: {fileID: 4993814054659671491, guid: 95974f667f7e62b4da876abe86bb50fb,
        type: 3}
      propertyPath: m_Enabled
      value: 0
      objectReference: {fileID: 0}
    m_RemovedComponents: []
  m_SourcePrefab: {fileID: 100100000, guid: 95974f667f7e62b4da876abe86bb50fb, type: 3}
--- !u!4 &7799452542272396149 stripped
Transform:
  m_CorrespondingSourceObject: {fileID: 4993814055277578474, guid: 95974f667f7e62b4da876abe86bb50fb,
    type: 3}
  m_PrefabInstance: {fileID: 2986079720569148319}
  m_PrefabAsset: {fileID: 0}
